3158 4752
705 295 920 354 ...10-

247 474 383 538 virtutes
405 473 472 536 sive
495 473 628 536 eximias
650 477 743 547 artes,
765 495 847 555 quae
869 473 902 535 in
925 472 983 536 illo
1006 472 1141 548 fuerint,
1164 473 1302 556 scriptor
1322 471 1373 535 his

247 575 354 638 verbis
363 574 540 658 praedicat:
559 576 637 652 ,τῶν
646 574 718 636 καθ’
732 577 836 638 ἑαυτὸν
845 574 936 658 ἀρετῇ
950 599 981 636 τε
991 574 1110 649 οίοδενὸς
1121 572 1225 659 [vulg.
1236 574 1372 658 ὕστερος]

248 675 385 761 δεύτερος
399 675 500 760 (Vnt.)
520 682 572 738 καὶ
588 677 744 760 κράτιστος
770 677 977 754 ἐνθυμηθῆναι
1001 676 1157 755 γενόμενος
1179 681 1231 737 καὶ
1253 675 1373 753 ἃγνοίη

249 781 376 840 eluro!
424 777 506 841 'lum
535 778 629 842 docet
650 778 787 860 scriptor
808 776 859 839 his
890 777 1096 861 amplissimis
1118 778 1234 855 verbis,
1257 777 1373 860 quibus

247 879 281 942 in
302 879 397 942 rebus
408 878 484 942 illae
497 879 633 942 virtutes
651 878 826 942 eluxerint:
850 883 926 956 „nel
949 883 976 953 ἐς
997 883 1053 956 μὲν
1075 878 1169 957 δῆμον
1197 879 1230 940 οὗ
1253 879 1373 962 παριὼν

247 979 311 1041 οὔδ’
335 984 363 1054 ἐς
392 977 482 1040 ἄλλον
510 978 613 1057 ἀγῶνα
636 982 768 1054 ἑκούσιος
790 979 904 1057 οὗδὲνα,
935 978 999 1040 ἀλλ’
1028 977 1172 1054 δπὸιττως
1194 982 1236 1060 τῷ
1258 979 1372 1056 πλήθει

247 1080 300 1142 διὰ
323 1080 414 1152 δόξαν
435 1080 601 1158 δεινότητος
623 1080 823 1159 διακείμενος,
841 1083 907 1156 τοὺς
924 1087 1026 1159 μέντοι
1052 1080 1289 1162 ἀγωνιζομένους
1320 1083 1372 1140 καὶ

246 1187 276 1244 ἐν
290 1181 474 1266 δικαστηρίῳ
490 1186 543 1242 καί
563 1188 592 1242 ἐν
604 1182 689 1263 δημῳ
705 1189 831 1244 πλεῖστα
846 1177 890 1258 εἷς
907 1184 992 1267 δνηρ,
1014 1183 1096 1257 ὅστις
1118 1181 1372 1262 ξομβοολεύσαιτὸ

193 1346 196 1352 ,
247 1309 289 1362 τι,
321 1283 483 1362 δυνάμενος
513 1282 651 1365 ὠφελεῖν.
699 1288 761 1345 Καὶ
793 1284 880 1358 αι’·τός
910 1309 961 1360 τε,
993 1283 1131 1358 ἐπειδὴ
1145 1284 1167 1366 ¹)
1198 1289 1324 1360 μετέστη
1355 1280 1371 1360 ἦ

247 1385 444 1470 δημοκρατία,
467 1391 519 1446 καὶ
532 1390 559 1460 ἐς
570 1385 689 1464 ἀγῶνας
707 1392 831 1463 κατέστη
854 1388 891 1446 τὰ
906 1387 966 1447 τῶν
983 1390 1186 1470 τετρακοσίων
1208 1386 1238 1446 ἒν
1260 1382 1372 1466 ὑστέρῳ

246 1488 453 1566 μεταπεσόντα
484 1512 515 1548 τε
544 1486 602 1548 ὑπὸ
632 1489 682 1549 τοῦ
712 1488 806 1566 δῆμον
836 1489 985 1564 ἐκακοῦτο,
1015 1485 1126 1571 τ’ίριστα
1149 1491 1290 1567 φαίνεται
1314 1487 1374 1546 τῶν

246 1595 334 1672 μεχρι
356 1588 483 1672 inoffi)
514 1587 591 1672 ὑπὲρ
618 1589 718 1650 αὐτῶν
749 1591 859 1652 τούτων
887 1593 1044 1664 αἰτιαθεὶς
1074 1587 1116 1663 ὥς
1147 1589 1372 1668 ξυγκατέστησε,

248 1690 381 1750 θανάτου
403 1689 489 1767 δίκην
502 1689 796 1768 ἀπολογησάμενος.“
828 1690 888 1754 His
910 1690 1016 1754 verbis
1035 1693 1168 1774 apparet
1183 1689 1372 1772 scriptorem

246 1791 350 1854 dicere
372 1791 455 1854 velle
477 1791 570 1854 illum
602 1793 727 1874 quidem
760 1815 825 1856 non
847 1794 931 1876 apud
952 1792 1109 1876 populum
1139 1791 1236 1856 verba
1258 1790 1371 1852 fecisse

246 1913 349 1975 neque
378 1894 411 1955 in
443 1893 572 1956 ullam
595 1895 794 1978 causaml)
825 1895 891 1958 sive
921 1895 1093 1978 privatam¹
1112 1893 1178 1956 sive
1209 1891 1371 1974 publicam

246 2016 303 2056 sua
326 1998 440 2075 sponte
463 1998 494 2056 et
517 1994 683 2058 voluntate
707 1997 913 2072 descendisse,
937 1997 991 2060 sed
1017 1995 1215 2058 multitudini
1238 1994 1278 2056 ob
1302 1993 1370 2056 elo-

246 2095 395 2177 quentiae
405 2093 523 2157 famem
537 2095 570 2158 in
586 2097 766 2178 suspicione
778 2097 875 2160 fuisse
887 2098 965 2180 (ἀλλ’
977 2097 1134 2178 ὑπόπτως)
1145 2121 1152 2172 ;
1176 2116 1370 2179 quamquam

246 2218 318 2259 eum
341 2195 422 2259 alios
445 2196 570 2260 consilii
592 2197 713 2280 inopes,
750 2199 931 2282 quicunque
967 2198 1185 2262 consuluerint
1207 2219 1297 2272 eum,
1337 2197 1371 2258 in

246 2299 349 2360 causis
382 2298 518 2382 publicis
555 2303 586 2362 et
621 2300 755 2382 privatis
786 2301 943 2364 adiuvisse
980 2305 1011 2364 et
1046 2301 1194 2365 adiuvere
1217 2298 1369 2382 potuisse.

245 2397 356 2482 Ipsum
379 2422 506 2483 quoque
529 2402 664 2484 imperio
687 2403 994 2486 quadringentorum
1021 2403 1165 2486 proiecto
1188 2402 1371 2464 accusatum

246 2502 360 2584 capitis
382 2503 502 2585 optime
525 2503 739 2586 omnium‚⁴)
770 2525 908 2586 quorum
930 2504 1057 2586 quidem
1080 2501 1279 2586 Thucydides
1302 2500 1370 2583 ipse

245 2604 535 2687 meminisset‚⁵)
568 2627 601 2668 se
637 2605 823 2669 defendisse.
868 2604 953 2680 Quas
988 2609 1053 2684 tres
1076 2606 1211 2668 virtutes
1234 2602 1371 2684 scriptor

333 2843 354 2908 1)
372 2843 478 2910 Sequor
496 2860 537 2907 ea,
556 2861 628 2910 quae
647 2843 761 2898 Classen
778 2845 937 2911 (vol..vl11,
955 2864 981 2913 p.
1002 2843 1058 2898 103.
1077 2845 1106 2896 et
1122 2861 1148 2910 p.
1170 2841 1225 2894 186.
1245 2841 1315 2906 sqq.)
1335 2837 1370 2890 ad

247 2927 471 2981 emendationem
502 2929 639 2990 Brendisi‚
669 2929 745 2983 illius
771 2930 926 2984 doctissimi
953 2929 1006 2982 viri
1033 2927 1095 2986 (Rh.
1120 2927 1189 2980 Mus.
1210 2923 1370 2992 1X.p.637

247 3011 318 3079 sqq.)
336 3013 502 3066 firmandam
523 3014 659 3080 exposuit.

332 3131 354 3198 2)
373 3131 406 3186 de
425 3133 585 3187 coniectura
602 3131 874 3200 Miilleri-Striibingi
892 3131 947 3185 vid.
967 3132 1030 3185 adn.
1049 3133 1073 3185 5.

331 3231 354 3298 Β)
372 3231 485 3286 Classen
511 3233 713 3302 interpretatur
739 3233 841 3287 verba:
871 3227 947 3297 ,οὐδ’
964 3231 990 3290 ἒς
1007 3228 1205 3297 ὔλλονάγωνα“
1227 3229 1279 3282 sic:
1309 3229 1371 3293 „be-

246 3316 359 3372 sonders
377 3335 432 3371 von
451 3318 504 3372 den
524 3317 675 3372 Gerichten
693 3335 726 3369 zu
744 3317 909 3380 verstehen;
945 3334 975 3370 er
1001 3314 1126 3369 vermied
1154 3332 1182 3367 es
1206 3313 1266 3366 sich
1284 3312 1371 3364 selbot

247 3401 323 3456 einer
341 3401 470 3470 Anklage
489 3401 688 3456 auszusetzen.“
713 3431 739 3437 -
762 3401 833 3454 Mihi
864 3401 978 3468 quidem
1003 3398 1121 3466 scriptor
1145 3398 1302 3464 significare
1326 3394 1370 3448 his

246 3485 339 3540 verbis
357 3485 469 3540 videtur
487 3487 692 3557 Antiphontem
709 3503 799 3554 neque
825 3487 861 3539 ad
881 3484 1067 3538 accusandum
1087 3483 1259 3538 descendisse
1277 3497 1370 3548 neque

246 3569 311 3623 lites
328 3571 466 3622 sectatum
484 3581 550 3624 esse.

332 3673 355 3738 ⁴)
372 3688 463 3739 neque
481 3671 602 3726 Socratis
621 3689 711 3739 neque
728 3672 859 3725 ultimam
880 3670 1072 3724 Theramenee
1097 3670 1253 3724 orationem
1278 3682 1369 3732 neque

247 3757 387 3812 orationes
414 3757 684 3826 quadringentorum
713 3757 766 3810 hoc
791 3757 852 3810 loco
877 3755 996 3824 scriptor
1013 3754 1085 3808 mihi
1103 3755 1216 3822 quidem
1234 3750 1370 3819 respicere

247 3841 365 3896 videtur.
402 3843 450 3897 cfr.
469 3844 649 3912 Philogogus.
667 3845 709 3898 42.
728 3843 816 3909 (1884)
834 3859 860 3910 p.
880 3843 937 3894 761.
956 3859 1016 3908 sqq.

332 3965 353 4027 ⁵)
371 3980 421 4030 pro
451 3966 551 4034 ,μέχρι
577 3961 658 4030 ἐμοῦ*
688 3960 750 4014 vult
772 3957 1064 4026 Mulier-Stnlbingius
1091 3955 1230 4024 (Thokyd.
1258 3955 1369 4010 Forsch.

245 4065 272 4115 p.
291 4047 404 4114 22-26)
422 4047 506 4100 scn'bi
520 4051 623 4118 ,μέχρι
635 4045 747 4099 lentot*
768 4047 797 4099 et
821 4044 890 4098 dicit
908 4043 1071 4112 scriptorem
1090 4043 1217 4097 hocloco
1234 4041 1370 4110 respicere
