3158 4752
684 339 895 400 -70..

230 516 318 592 Quae
341 541 413 584 oum
431 520 476 584 ita
499 520 572 597 sint,
596 523 628 584 et
646 542 717 584 eum
739 523 852 604 poetas
867 520 973 604 epicos
991 525 1023 584 et
1037 521 1186 606 tragicos,
1200 523 1353 588 historiae

230 622 417 706 scriptores,
447 626 608 706 oratores,
645 621 816 704 sophistas,
849 621 939 700 ahos,
973 622 1028 706 qui
1062 627 1164 688 ertem
1196 625 1354 708 quandam

229 725 478 810 profitebantur,
514 729 583 790 tum
610 724 754 790 Homero
787 748 918 810 operam
949 727 1071 792 dedisse
1084 728 1107 811 ¹)
1138 728 1223 793 inter
1245 752 1354 795 omnes

231 831 363 911 constet,
385 827 619 910 Antiphontem
642 832 675 892 et
696 827 914 912 Thucydidem
945 829 1032 913 ipsos
1064 852 1193 915 quoque
1223 832 1257 896 in
1285 833 1354 898 Ho-

230 931 348 994 merica
375 930 479 996 studia
502 930 683 996 incubuisse
706 934 738 994 et
765 953 804 996 ex
828 931 891 997 hoc
913 932 1074 998 communi
1100 933 1242 998 omnium
1266 935 1355 1000 fonte

230 1033 373 1124 hausisse
381 1033 408 1118 ²)
437 1033 604 1118 probabile
636 1037 693 1098 est.
737 1033 846 1118 Atque
869 1034 1035 1118 utriusque
1056 1034 1229 1100 Homerica
1251 1038 1355 1102 studia

230 1159 301 1200 mea
324 1136 451 1220 quidem
474 1135 632 1202 sententia
646 1135 698 1200 vel
714 1158 754 1200 ex
776 1158 836 1200 usu
858 1136 1059 1220 poeticorum
1078 1137 1306 1203 vocabulorum
1325 1143 1356 1203 et

231 1241 401 1304 verborum
423 1238 514 1323 quasi
536 1238 705 1303 structuris
717 1238 854 1323 poeticis
865 1239 889 1322 ⁸)
905 1238 1056 1328 cognosci
1069 1243 1213 1322 possunt.
1249 1239 1357 1325 Ipsam

232 1365 359 1428 quoque
394 1341 624 1408 sententiarum
646 1339 935 1424 pulcherrimarum
957 1343 989 1405 et
1016 1339 1260 1407 meditationum
1281 1365 1356 1429 gra·

231 1446 433 1511 vissimerum
455 1445 662 1522 ubertatem.
683 1464 765 1526 quae
787 1443 872 1527 apud
902 1446 1074 1526 utrumque
1105 1443 1310 1510 inveniuntur
1319 1447 1356 1531 ⁴),

232 1571 382 1635 magnam
417 1551 542 1633 partem
572 1547 612 1610 ed
642 1545 816 1611 Homerica
847 1545 951 1610 studia
990 1545 1104 1610 referri
1135 1569 1228 1631 posse
1259 1553 1357 1633 puto;

232 1652 311 1716 adde
333 1652 419 1736 quod
441 1650 481 1714 ab
499 1648 683 1733 Thucydide
693 1648 719 1732 ⁵)
734 1647 869 1713 Homeri
891 1669 1008 1713 nomen
1024 1648 1059 1712 in
1075 1647 1166 1714 libris
1179 1650 1246 1715 suis
1261 1674 1357 1736 saepe

232 1754 416 1820 nominetur
437 1751 639 1818 aut-Homeri
656 1751 754 1816 verbe
776 1751 1000 1834 respiciuntur.
1029 1750 1113 1826 Quin
1125 1751 1358 1838 etiamfigurae

235 1858 319 1941 apud
341 1860 513 1941 utrumque
536 1854 751 1934 inveniuntur,
776 1876 857 1938 quae
879 1853 1025 1938 proxime
1047 1854 1200 1918 accedant
1227 1857 1266 1920 ad
1287 1855 1358 1921 Ho-

233 1960 376 2024 mericae.
421 1958 478 2024 cfr.
502 1980 547 2024 or.
576 1956 602 2022 V
624 1956 757 2041 Antiph.
780 1953 814 2041 ὅ,
834 1965 890 2024 74:
914 1955 929 2018 ὅ
949 1961 1005 2037 μὲν
1026 1958 1084 2040 γὰρ
1102 1959 1204 2040 πολλῷ
1226 1959 1357 2042 πρεσβύ-

234 2062 318 2146 τερός
339 2069 402 2124 ἐστι
426 2111 433 2124 .
458 2110 464 2124 .
489 2110 516 2138 .,
539 2061 595 2140 ἐγώ
620 2058 653 2121 di
675 2061 777 2140 πολλῷ
801 2060 944 2144 νεώτερος
1042 2057 1100 2122 cfr.
1122 2057 1213 2124 Iliad.
1236 2059 1358 2126 XXIII.

235 2173 306 2235 586.
332 2172 402 2234 587.
446 2161 562 2228 Nonne
584 2164 692 2226 autem
716 2161 918 2247 Thucydides
940 2160 1022 2226 illud
1035 2159 1169 2226 Homeri
1182 2161 1286 2247 (Iliad.
1301 2162 1358 2243 IX,

234 2269 327 2352 443);
363 2267 495 2346 ,μύθων
517 2291 548 2329 τε
577 2267 686 2350 ῥητῆρα
709 2267 814 2344 ἔμεναι
837 2265 989 2350 πρηκτῆρά
1014 2290 1044 2328 τε
1068 2266 1181 2351 spyer‘
1203 2265 1359 2332 hocloco

236 2371 304 2456 (lib.
327 2368 385 2450 HI,
409 2378 459 2448 38,
479 2370 539 2452 4.):
563 2372 698 2447 „decrat
719 2372 775 2446 μὲν
806 2369 866 2430 τῶν
897 2367 993 2447 λόγων
1022 2372 1183 2449 γίγνεσθαι
1212 2369 1360 2454 ἀκροαταὶ

236 2475 269 2538 δὲ
301 2477 360 2538 τῶν
391 2476 516 2558 ἴργων.“
540 2471 632 2556 quasi
662 2471 695 2534 in
726 2492 801 2535 suos
832 2492 908 2535 usus
938 2470 1064 2535 videtur
1091 2471 1357 2556 transtulisse?⁶)

236 2577 311 2644 Non
333 2577 394 2641 hae
417 2575 613 2640 elocutiones
635 2572 829 2657 Thucydidis
843 2573 922 2658 .(lib.
945 2572 971 2652 I,
996 2582 1045 2640 71.
1070 2575 1116 2658 5):

300 2679 400 2760 »Οὔτε
423 2680 498 2763 πρὸς
521 2679 605 2741 θεῶν
626 2679 686 2740 τῶν
708 2675 828 2762 ὁρκίων,
850 2675 921 2746 οὔτε,
939 2679 1014 2763 πρὸς
1036 2676 1212 2762 ἀνθρώπων
1234 2678 1294 2740 τῶν

666 2782 929 2860 αἰσθανομένων,“

237 2891 269 2952 et
284 2885 355 2971 (ΠΙ,
368 2893 418 2965 82,
439 2887 489 2971 hl:
512 2889 695 2967 »γιγνόμενα
707 2891 763 2966 μὲν
781 2890 833 2947 καὶ
847 2883 898 2947 del
913 2885 1059 2964 ἕσὸμενα“
1081 2881 1202 2948 similes
1215 2881 1361 2946 videntur

239 2989 418 3055 Homericis
441 2988 541 3074 (11.1,
566 2997 627 3059 339
651 2993 684 3055 et
706 2988 778 3053 aliis
810 2992 842 3053 et
862 2986 901 3054 ll.
924 2984 949 3067 Ι,
974 2987 1058 3070 70.);
1103 2987 1161 3065 „ul
1185 2987 1302 3048 τ’ἰὸντα
1325 2985 1361 3047 τά

326 3212 347 3279 ¹)
364 3213 413 3266 cfr.
432 3213 533 3282 Bergk.
552 3213 572 3266 Ι.
591 3231 618 3282 p.
636 3210 688 3266 878
705 3228 765 3279 sqq.
792 3210 890 3265 Lauer.
908 3228 935 3279 p.
953 3208 987 3264 23
1005 3227 1065 3278 sqq.
1083 3227 1110 3278 p.
1127 3207 1161 3263 35
1179 3226 1239 3277 sqq.
1257 3207 1291 3262 47
1301 3225 1361 3278 qq.

325 3297 347 3365 ²)
364 3297 558 3368 Thucydidem
582 3297 757 3352 imitatorem
774 3295 890 3350 Homeri
909 3312 967 3350 esse
992 3294 1094 3349 dicitur
1112 3311 1129 3347 a
1148 3293 1280 3363 Dionysio
1298 3294 1361 3348 Hel.

239 3389 299 3440 Art.
318 3386 422 3440 rhetor.
443 3385 482 3450 11,
500 3383 525 3438 2.
544 3412 577 3422 —
595 3381 774 3452 Pseudoplut
793 3381 843 3436 vit.
860 3381 942 3436 Hom.
953 3381 978 3435 2.
988 3398 1010 3434 c.
1022 3379 1062 3434 72.
1073 3407 1105 3418 -
1116 3378 1269 3434 Marcellin.
1279 3378 1302 3446 3.
1320 3378 1361 3432 35.

239 3471 280 3527 37.
316 3471 364 3526 cir.
383 3469 570 3540 Sengebnseh.
588 3488 615 3539 p.
636 3469 684 3523 142
702 3486 762 3537 sqq.
797 3467 888 3522 Lauer
905 3485 931 3536 p.
950 3467 991 3520 55.

326 3560 348 3626 ⁸)
366 3557 414 3611 cfr.
433 3555 513 3611 Jebb.
531 3573 558 3624 p.
576 3555 610 3609 48
629 3553 724 3610 ednot.
742 3554 767 3609 2.
793 3553 897 3623 Poppo.
916 3552 937 3618 I,
955 3569 982 3621 p.
1000 3551 1050 3606 251
1069 3569 1129 3620 sqq.
1147 3568 1174 3620 p.
1183 3549 1234 3606 205
1243 3549 1363 3618 sqquse

240 3661 300 3713 sqq.
327 3643 434 3714 Hoppe.
443 3661 470 3712 p.
483 3642 517 3697 47
535 3659 596 3711 sqq.
614 3640 645 3694 in
663 3639 779 3710 Antiph.
797 3655 869 3709 spec.
896 3637 984 3692 Blass.
1003 3637 1023 3691 1.
1040 3655 1068 3706 p.
1089 3637 1137 3691 115
1155 3653 1215 3705 sqq.
1233 3635 1284 3692 205
1302 3653 1362 3704 sqq.

240 3759 274 3768 -
291 3729 356 3784 vide
373 3749 400 3799 p.
418 3729 459 3784 26.

270 3874 272 3878 ,
325 3816 348 3882 ⁴)
365 3814 413 3868 cfr.
433 3813 546 3883 Dionys.
573 3811 630 3866 iud.
656 3831 684 3882 p.
710 3811 768 3866 897.
793 3812 822 3865 et
839 3807 1035 3864 Marcellinum
1053 3806 1076 3875 3.
1095 3807 1136 3861 51.
1177 3805 1226 3860 cfr.
1245 3805 1324 3860 Blass
1341 3805 1363 3871 I,

241 3919 268 3970 p.
289 3901 337 3954 174
354 3919 414 3970 sqq.
437 3919 464 3970 p.
481 3899 532 3955 232
550 3916 611 3968 sqq.

328 3989 349 4051 ὅ)
367 3987 415 4040 cfr.
434 3983 672 4055 Sergehusehium
690 4001 717 4052 p.
738 3982 786 4036 139
803 4000 863 4050 sqq.

329 4071 351 4138 ⁶)
364 4071 508 4140 Temporis
533 4069 671 4139 angustiis
689 4067 842 4138 impeditos
860 4084 936 4132 sam,
954 4063 1104 4134 quominus
1121 4079 1196 4117 nunc
1213 4061 1364 4118 uberius

243 4157 278 4212 de
295 4155 478 4226 Antiphontis
496 4157 525 4210 et
541 4153 713 4224 Thucydidis
730 4152 831 4210 studiis
853 4149 1008 4208 Homericis
1026 4149 1112 4206 verba
1129 4147 1240 4206 faciam.
