<?xml version="1.0" encoding="UTF-8"?>
<!DOCTYPE html PUBLIC "-//W3C//DTD XHTML 1.0 Transitional//EN"
    "http://www.w3.org/TR/xhtml1/DTD/xhtml1-transitional.dtd">
<html xmlns="http://www.w3.org/1999/xhtml" xml:lang="en" lang="en">
 <head>
  <title>
</title>
<meta http-equiv="Content-Type" content="text/html;charset=utf-8" />
  <meta name='ocr-system' content='tesseract 3.04.00' />
  <meta name='ocr-capabilities' content='ocr_page ocr_carea ocr_par ocr_line ocrx_word'/>
</head>
<body>
  <div class='ocr_page' id='page_1' title='image "./dethucydideanti00niesgoog_0058.png"; bbox 0 0 3158 4752; ppageno 0'>
   <div class='ocr_carea' id='block_1_1' title="bbox 679 375 890 434">
    <p class='ocr_par' dir='ltr' id='par_1_1' title="bbox 679 375 890 434">
     <span class='ocr_line' id='line_1_1' title="bbox 679 375 890 434; baseline 0.009 -20"><span class='ocrx_word' id='word_1_1' title='bbox 679 375 890 434; x_wconf 69' lang='lat'><strong>..51-</strong></span> 
     </span>
    </p>
   </div>
   <div class='ocr_carea' id='block_1_2' title="bbox 566 550 999 616">
    <p class='ocr_par' dir='ltr' id='par_1_2' title="bbox 566 550 999 616">
     <span class='ocr_line' id='line_1_2' title="bbox 566 550 999 616; baseline 0 0"><span class='ocrx_word' id='word_1_2' title='bbox 566 553 623 616; x_wconf 79' lang='lat' dir='ltr'><strong><em>Ex</em></strong></span> <span class='ocrx_word' id='word_1_3' title='bbox 645 550 796 616; x_wconf 83' lang='lat' dir='ltr'><strong>Iliadis</strong></span> <span class='ocrx_word' id='word_1_4' title='bbox 818 551 886 615; x_wconf 89' lang='lat' dir='ltr'><strong>lib.</strong></span> <span class='ocrx_word' id='word_1_5' title='bbox 910 551 999 616; x_wconf 87' lang='lat' dir='ltr'><strong>XVI.</strong></span> 
     </span>
    </p>
   </div>
   <div class='ocr_carea' id='block_1_3' title="bbox 216 670 1347 1385">
    <p class='ocr_par' dir='ltr' id='par_1_3' title="bbox 216 670 1347 1385">
     <span class='ocr_line' id='line_1_3' title="bbox 218 670 982 754; baseline -0.008 -16"><span class='ocrx_word' id='word_1_6' title='bbox 218 674 259 738; x_wconf 91' lang='lat' dir='ltr'><strong><em>V.</em></strong></span> <span class='ocrx_word' id='word_1_7' title='bbox 284 681 334 740; x_wconf 87' lang='grc'><strong><em>41.</em></strong></span> <span class='ocrx_word' id='word_1_8' title='bbox 359 681 410 740; x_wconf 80' lang='grc'><strong><em>42.</em></strong></span> <span class='ocrx_word' id='word_1_9' title='bbox 455 670 649 752; x_wconf 83' lang='grc' dir='ltr'><strong><em>ἀπόσχωνται</em></strong></span> <span class='ocrx_word' id='word_1_10' title='bbox 672 675 816 749; x_wconf 87' lang='grc' dir='ltr'><strong><em>πολέμοιο</em></strong></span> <span class='ocrx_word' id='word_1_11' title='bbox 841 671 956 754; x_wconf 79' lang='grc' dir='ltr'><strong><em>Τρῶες,</em></strong></span> <span class='ocrx_word' id='word_1_12' title='bbox 968 675 982 754; x_wconf 95' lang='grc'><strong><em>]</em></strong></span> 
     </span>
     <span class='ocr_line' id='line_1_4' title="bbox 453 766 1304 862; baseline 0.007 -26"><span class='ocrx_word' id='word_1_13' title='bbox 453 774 666 836; x_wconf 73' lang='grc' dir='ltr'><em>ἀναπνεύσωσι</em></span> <span class='ocrx_word' id='word_1_14' title='bbox 685 773 795 859; x_wconf 81' lang='grc' dir='ltr'><strong><em>Ἀρήίοι</em></strong></span> <span class='ocrx_word' id='word_1_15' title='bbox 816 766 879 847; x_wconf 79' lang='grc' dir='ltr'><strong><em>υἷες</em></strong></span> <span class='ocrx_word' id='word_1_16' title='bbox 897 773 989 858; x_wconf 82' lang='grc' dir='ltr'><strong><em>Ἀγ.]</em></strong></span> <span class='ocrx_word' id='word_1_17' title='bbox 1130 775 1304 862; x_wconf 80' lang='lat' dir='ltr'><strong>(Parison.)</strong></span> 
     </span>
     <span class='ocr_line' id='line_1_5' title="bbox 218 873 1346 961; baseline -0.004 -19"><span class='ocrx_word' id='word_1_18' title='bbox 218 877 259 942; x_wconf 88' lang='lat' dir='ltr'><strong>V.</strong></span> <span class='ocrx_word' id='word_1_19' title='bbox 283 884 334 943; x_wconf 94' lang='grc'><strong><em>44.</em></strong></span> <span class='ocrx_word' id='word_1_20' title='bbox 358 884 409 944; x_wconf 82' lang='grc'><strong><em>45.</em></strong></span> <span class='ocrx_word' id='word_1_21' title='bbox 454 882 520 960; x_wconf 84' lang='grc' dir='ltr'><strong><em>ῥεία</em></strong></span> <span class='ocrx_word' id='word_1_22' title='bbox 543 873 820 953; x_wconf 75' lang='grc' dir='ltr'><strong><em>δέκ’ἀκμήτες</em></strong></span> <span class='ocrx_word' id='word_1_23' title='bbox 849 875 1082 955; x_wconf 80' lang='grc' dir='ltr'><strong><em>κεκμηότας</em></strong></span> <span class='ocrx_word' id='word_1_24' title='bbox 1104 873 1217 961; x_wconf 82' lang='grc' dir='ltr'><strong><em>ἀνδρας</em></strong></span> <span class='ocrx_word' id='word_1_25' title='bbox 1240 925 1247 940; x_wconf 94' lang='grc'><strong>.</strong></span> <span class='ocrx_word' id='word_1_26' title='bbox 1273 926 1280 940; x_wconf 95' lang='grc'><strong>.</strong></span> <span class='ocrx_word' id='word_1_27' title='bbox 1305 927 1346 943; x_wconf 92' lang='grc'><strong><em>..</em></strong></span> 
     </span>
     <span class='ocr_line' id='line_1_6' title="bbox 570 973 1243 1062; baseline 0.001 -23"><span class='ocrx_word' id='word_1_28' title='bbox 570 981 694 1062; x_wconf 78' lang='grc' dir='ltr'><strong><em>προτί</em></strong></span> <span class='ocrx_word' id='word_1_29' title='bbox 717 973 791 1038; x_wconf 80' lang='grc' dir='ltr'><strong><em>ἀστυ</em></strong></span> <span class='ocrx_word' id='word_1_30' title='bbox 814 976 890 1038; x_wconf 80' lang='grc' dir='ltr'><strong><em>νεῶν</em></strong></span> <span class='ocrx_word' id='word_1_31' title='bbox 912 973 989 1037; x_wconf 82' lang='grc' dir='ltr'><strong><em>ἀπο</em></strong></span> <span class='ocrx_word' id='word_1_32' title='bbox 1012 982 1064 1038; x_wconf 82' lang='grc' dir='ltr'><strong><em>καλ</em></strong></span> <span class='ocrx_word' id='word_1_33' title='bbox 1088 979 1243 1042; x_wconf 81' lang='grc' dir='ltr'><strong><em>κλισιάων.</em></strong></span> 
     </span>
     <span class='ocr_line' id='line_1_7' title="bbox 1073 1077 1304 1165; baseline 0.009 -23"><span class='ocrx_word' id='word_1_34' title='bbox 1073 1077 1304 1165; x_wconf 69' lang='grc' dir='ltr'><strong><em>(Αωλὶύλιθύοη.)</em></strong></span> 
     </span>
     <span class='ocr_line' id='line_1_8' title="bbox 216 1179 1347 1268; baseline 0.003 -25"><span class='ocrx_word' id='word_1_35' title='bbox 216 1182 258 1246; x_wconf 87' lang='lat' dir='ltr'><strong><em>V.</em></strong></span> <span class='ocrx_word' id='word_1_36' title='bbox 275 1188 345 1251; x_wconf 85' lang='lat'><strong>282.</strong></span> <span class='ocrx_word' id='word_1_37' title='bbox 368 1179 904 1264; x_wconf 79' lang='grc' dir='ltr'><strong><em>μηνιθμὸνμὲνάπορρίψαι],</em></strong></span> <span class='ocrx_word' id='word_1_38' title='bbox 919 1181 1094 1262; x_wconf 86' lang='grc' dir='ltr'><strong><em>φιλύτητα</em></strong></span> <span class='ocrx_word' id='word_1_39' title='bbox 1108 1181 1136 1243; x_wconf 76' lang='grc' dir='ltr'><strong><em>δ’</em></strong></span> <span class='ocrx_word' id='word_1_40' title='bbox 1152 1183 1347 1268; x_wconf 77' lang='grc' dir='ltr'><strong><em>ἑλέσθων]</em></strong></span> 
     </span>
     <span class='ocr_line' id='line_1_9' title="bbox 216 1298 1309 1385; baseline 0 -22"><span class='ocrx_word' id='word_1_41' title='bbox 216 1301 257 1366; x_wconf 90' lang='lat' dir='ltr'><strong>V.</strong></span> <span class='ocrx_word' id='word_1_42' title='bbox 282 1309 352 1369; x_wconf 86' lang='lat'><strong>523.</strong></span> <span class='ocrx_word' id='word_1_43' title='bbox 397 1299 480 1376; x_wconf 72' lang='grc' dir='ltr'><strong><em>ἕλκος</em></strong></span> <span class='ocrx_word' id='word_1_44' title='bbox 502 1298 644 1377; x_wconf 77' lang='grc' dir='ltr'><strong><em>ἄκεσσαι,</em></strong></span> <span class='ocrx_word' id='word_1_45' title='bbox 654 1301 670 1383; x_wconf 90' lang='grc'><strong><em>]</em></strong></span> <span class='ocrx_word' id='word_1_46' title='bbox 682 1304 824 1378; x_wconf 92' lang='grc' dir='ltr'><strong><em>κοίμησον</em></strong></span> <span class='ocrx_word' id='word_1_47' title='bbox 846 1298 1001 1378; x_wconf 74' lang='grc' dir='ltr'><strong><em>δ’ὂάύνοις,</em></strong></span> <span class='ocrx_word' id='word_1_48' title='bbox 1012 1301 1026 1380; x_wconf 95' lang='grc'><strong><em>]</em></strong></span> <span class='ocrx_word' id='word_1_49' title='bbox 1038 1299 1090 1375; x_wconf 79' lang='grc' dir='ltr'><strong><em>δὸς</em></strong></span> <span class='ocrx_word' id='word_1_50' title='bbox 1110 1299 1144 1363; x_wconf 78' lang='grc' dir='ltr'><strong><em>ἀὲ</em></strong></span> <span class='ocrx_word' id='word_1_51' title='bbox 1167 1302 1284 1384; x_wconf 89' lang='grc' dir='ltr'><strong><em>κράτος,</em></strong></span> <span class='ocrx_word' id='word_1_52' title='bbox 1295 1305 1309 1385; x_wconf 81' lang='lat' dir='ltr'><em>s</em></span> 
     </span>
    </p>
   </div>
   <div class='ocr_carea' id='block_1_4' title="bbox 213 1412 1390 2352">
    <p class='ocr_par' dir='ltr' id='par_1_4' title="bbox 213 1412 1390 2352">
     <span class='ocr_line' id='line_1_10' title="bbox 216 1412 1108 1502; baseline -0.003 -19"><span class='ocrx_word' id='word_1_53' title='bbox 216 1417 257 1483; x_wconf 91' lang='lat' dir='ltr'><strong><em>V.</em></strong></span> <span class='ocrx_word' id='word_1_54' title='bbox 282 1425 353 1487; x_wconf 83' lang='lat'><strong>729.</strong></span> <span class='ocrx_word' id='word_1_55' title='bbox 398 1422 428 1480; x_wconf 79' lang='grc' dir='ltr'><strong><em>ἐν</em></strong></span> <span class='ocrx_word' id='word_1_56' title='bbox 451 1417 483 1480; x_wconf 77' lang='grc' dir='ltr'><strong><em>δὲ</em></strong></span> <span class='ocrx_word' id='word_1_57' title='bbox 507 1417 641 1479; x_wconf 79' lang='grc' dir='ltr'><em>κλόνον</em></span> <span class='ocrx_word' id='word_1_58' title='bbox 660 1416 837 1502; x_wconf 70' lang='grc' dir='ltr'><strong><em>Ἀργείοισιν</em></strong></span> <span class='ocrx_word' id='word_1_59' title='bbox 859 1412 923 1495; x_wconf 81' lang='grc' dir='ltr'><strong><em>ἧκε</em></strong></span> <span class='ocrx_word' id='word_1_60' title='bbox 947 1419 1108 1496; x_wconf 90' lang='grc' dir='ltr'><strong><em>κακόν,]</em></strong></span> 
     </span>
     <span class='ocr_line' id='line_1_11' title="bbox 331 1517 1134 1606; baseline -0.002 -21"><span class='ocrx_word' id='word_1_61' title='bbox 331 1577 337 1586; x_wconf 81' lang='grc'><strong><em>,</em></strong></span> <span class='ocrx_word' id='word_1_62' title='bbox 400 1524 524 1605; x_wconf 80' lang='grc' dir='ltr'><strong><em>Τρωσίν</em></strong></span> <span class='ocrx_word' id='word_1_63' title='bbox 546 1519 579 1582; x_wconf 77' lang='grc' dir='ltr'><strong><em>δὲ</em></strong></span> <span class='ocrx_word' id='word_1_64' title='bbox 603 1525 655 1581; x_wconf 80' lang='grc' dir='ltr'><strong><em>καὶ</em></strong></span> <span class='ocrx_word' id='word_1_65' title='bbox 671 1519 791 1605; x_wconf 75' lang='grc' dir='ltr'><strong><em>Ἕκτορι</em></strong></span> <span class='ocrx_word' id='word_1_66' title='bbox 814 1518 931 1595; x_wconf 74' lang='grc' dir='ltr'><strong><em>κῦδος</em></strong></span> <span class='ocrx_word' id='word_1_67' title='bbox 953 1517 1106 1596; x_wconf 77' lang='grc' dir='ltr'><strong><em>ύπαζεν.</em></strong></span> <span class='ocrx_word' id='word_1_68' title='bbox 1119 1525 1134 1606; x_wconf 89' lang='grc'><strong><em>]</em></strong></span> 
     </span>
     <span class='ocr_line' id='line_1_12' title="bbox 1150 1623 1301 1708; baseline 0.026 -22"><span class='ocrx_word' id='word_1_69' title='bbox 1150 1623 1301 1708; x_wconf 75' lang='lat' dir='ltr'><strong>(Farina).</strong></span> 
     </span>
     <span class='ocr_line' id='line_1_13' title="bbox 559 1739 1000 1806; baseline 0.007 -3"><span class='ocrx_word' id='word_1_70' title='bbox 559 1740 616 1803; x_wconf 84' lang='lat' dir='ltr'><strong><em>Ex</em></strong></span> <span class='ocrx_word' id='word_1_71' title='bbox 638 1740 780 1805; x_wconf 78' lang='lat' dir='ltr'><strong>Iliadis</strong></span> <span class='ocrx_word' id='word_1_72' title='bbox 802 1740 870 1804; x_wconf 84' lang='lat' dir='ltr'><strong>lib.</strong></span> <span class='ocrx_word' id='word_1_73' title='bbox 895 1739 1000 1806; x_wconf 90' lang='lat' dir='ltr'><strong>XVII.</strong></span> 
     </span>
     <span class='ocr_line' id='line_1_14' title="bbox 213 1858 1186 1944; baseline -0.003 -19"><span class='ocrx_word' id='word_1_74' title='bbox 213 1861 254 1926; x_wconf 87' lang='lat' dir='ltr'><strong><em>V.</em></strong></span> <span class='ocrx_word' id='word_1_75' title='bbox 279 1869 329 1927; x_wconf 82' lang='lat'><strong>41.</strong></span> <span class='ocrx_word' id='word_1_76' title='bbox 375 1860 439 1922; x_wconf 81' lang='grc' dir='ltr'><strong><em>ἀλλ’</em></strong></span> <span class='ocrx_word' id='word_1_77' title='bbox 464 1860 496 1922; x_wconf 83' lang='grc' dir='ltr'><strong><em>ού</em></strong></span> <span class='ocrx_word' id='word_1_78' title='bbox 518 1861 580 1939; x_wconf 86' lang='grc' dir='ltr'><strong><em>μάν</em></strong></span> <span class='ocrx_word' id='word_1_79' title='bbox 603 1861 646 1921; x_wconf 71' lang='grc' dir='ltr'><strong><em>ἔτι</em></strong></span> <span class='ocrx_word' id='word_1_80' title='bbox 670 1859 758 1944; x_wconf 81' lang='grc' dir='ltr'><strong><em>δηρὸν</em></strong></span> <span class='ocrx_word' id='word_1_81' title='bbox 781 1858 942 1944; x_wconf 77' lang='grc' dir='ltr'><strong><em>ἀπείρητος</em></strong></span> <span class='ocrx_word' id='word_1_82' title='bbox 964 1860 1053 1936; x_wconf 85' lang='grc' dir='ltr'><strong><em>πύνος</em></strong></span> <span class='ocrx_word' id='word_1_83' title='bbox 1076 1863 1160 1923; x_wconf 72' lang='grc' dir='ltr'><strong><em>ἔσται</em></strong></span> <span class='ocrx_word' id='word_1_84' title='bbox 1171 1865 1186 1944; x_wconf 93' lang='grc'><strong><em>]</em></strong></span> 
     </span>
     <span class='ocr_line' id='line_1_15' title="bbox 375 1958 1390 2047; baseline 0.003 -23"><span class='ocrx_word' id='word_1_85' title='bbox 375 1962 447 2024; x_wconf 81' lang='grc' dir='ltr'><strong><em>οάἀέ</em></strong></span> <span class='ocrx_word' id='word_1_86' title='bbox 467 1965 490 2024; x_wconf 83' lang='grc' dir='ltr'><strong><em>τ’</em></strong></span> <span class='ocrx_word' id='word_1_87' title='bbox 507 1960 670 2047; x_wconf 81' lang='grc' dir='ltr'><strong><em>ἀδήριτος]</em></strong></span> <span class='ocrx_word' id='word_1_88' title='bbox 684 1958 728 2040; x_wconf 78' lang='grc' dir='ltr'><strong><em>’ήτ’</em></strong></span> <span class='ocrx_word' id='word_1_89' title='bbox 751 1962 843 2042; x_wconf 77' lang='grc' dir='ltr'><strong><em>ἀλκῆς</em></strong></span> <span class='ocrx_word' id='word_1_90' title='bbox 852 1966 866 2046; x_wconf 93' lang='grc'><strong><em>]</em></strong></span> <span class='ocrx_word' id='word_1_91' title='bbox 879 1960 928 2040; x_wconf 76' lang='grc' dir='ltr'><strong><em>’ήτε</em></strong></span> <span class='ocrx_word' id='word_1_92' title='bbox 952 1963 1068 2045; x_wconf 78' lang='grc' dir='ltr'><strong><em>φόβοιο.</em></strong></span> <span class='ocrx_word' id='word_1_93' title='bbox 1082 1965 1097 2047; x_wconf 94' lang='grc'><strong><em>]</em></strong></span> <span class='ocrx_word' id='word_1_94' title='bbox 1126 1961 1300 2047; x_wconf 81' lang='lat' dir='ltr'><strong>(Parison.)</strong></span> <span class='ocrx_word' id='word_1_95' title='bbox 1383 2027 1390 2040; x_wconf 77' lang='grc'><strong><em>,</em></strong></span> 
     </span>
     <span class='ocr_line' id='line_1_16' title="bbox 213 2064 1284 2150; baseline 0 -24"><span class='ocrx_word' id='word_1_96' title='bbox 213 2066 254 2132; x_wconf 85' lang='lat' dir='ltr'><strong>V.</strong></span> <span class='ocrx_word' id='word_1_97' title='bbox 282 2072 458 2136; x_wconf 84' lang='lat'><strong>150—152.</strong></span> <span class='ocrx_word' id='word_1_98' title='bbox 503 2069 571 2128; x_wconf 77' lang='grc' dir='ltr'><strong><em>ἐπεὶ</em></strong></span> <span class='ocrx_word' id='word_1_99' title='bbox 594 2064 766 2149; x_wconf 76' lang='grc' dir='ltr'><strong><em>Σαρπηδόν’</em></strong></span> <span class='ocrx_word' id='word_1_100' title='bbox 792 2064 870 2144; x_wconf 83' lang='grc' dir='ltr'><strong><em>άμα</em></strong></span> <span class='ocrx_word' id='word_1_101' title='bbox 889 2065 1016 2138; x_wconf 79' lang='grc' dir='ltr'><strong><em>ξεῖνον</em></strong></span> <span class='ocrx_word' id='word_1_102' title='bbox 1038 2071 1090 2127; x_wconf 78' lang='grc' dir='ltr'><strong><em>καὶ</em></strong></span> <span class='ocrx_word' id='word_1_103' title='bbox 1113 2071 1284 2150; x_wconf 79' lang='grc' dir='ltr'><strong><em>ἑταίρου,</em></strong></span> 
     </span>
     <span class='ocr_line' id='line_1_17' title="bbox 502 2166 1343 2254; baseline 0 -25"><span class='ocrx_word' id='word_1_104' title='bbox 502 2168 647 2242; x_wconf 80' lang='grc' dir='ltr'><strong><em>κάλλιπες</em></strong></span> <span class='ocrx_word' id='word_1_105' title='bbox 666 2166 844 2252; x_wconf 80' lang='grc' dir='ltr'><strong><em>Ἀργείοισιν</em></strong></span> <span class='ocrx_word' id='word_1_106' title='bbox 865 2167 960 2254; x_wconf 69' lang='grc' dir='ltr'><strong><em>ἕλωρ</em></strong></span> <span class='ocrx_word' id='word_1_107' title='bbox 978 2173 1030 2230; x_wconf 72' lang='grc' dir='ltr'><strong><em>καὶ</em></strong></span> <span class='ocrx_word' id='word_1_108' title='bbox 1053 2168 1176 2250; x_wconf 90' lang='grc' dir='ltr'><strong><em>κύρμα</em></strong></span> <span class='ocrx_word' id='word_1_109' title='bbox 1187 2171 1343 2246; x_wconf 90' lang='grc' dir='ltr'><strong><em>γενέσθαι,</em></strong></span> 
     </span>
     <span class='ocr_line' id='line_1_18' title="bbox 495 2267 1340 2352; baseline 0.004 -22"><span class='ocrx_word' id='word_1_110' title='bbox 495 2270 527 2345; x_wconf 73' lang='grc' dir='ltr'><strong><em>ὅς</em></strong></span> <span class='ocrx_word' id='word_1_111' title='bbox 550 2294 596 2331; x_wconf 90' lang='grc' dir='ltr'><strong><em>τοι</em></strong></span> <span class='ocrx_word' id='word_1_112' title='bbox 618 2270 703 2332; x_wconf 82' lang='grc' dir='ltr'><strong><em>πάλλ’</em></strong></span> <span class='ocrx_word' id='word_1_113' title='bbox 728 2267 870 2352; x_wconf 80' lang='grc' dir='ltr'><strong><em>’ύφελος</em></strong></span> <span class='ocrx_word' id='word_1_114' title='bbox 890 2276 1001 2349; x_wconf 89' lang='grc' dir='ltr'><strong><em>γένετο,</em></strong></span> <span class='ocrx_word' id='word_1_115' title='bbox 1016 2275 1064 2334; x_wconf 79' lang='grc' dir='ltr'><strong><em>κτὲ</em></strong></span> <span class='ocrx_word' id='word_1_116' title='bbox 1109 2267 1340 2352; x_wconf 74' lang='lat' dir='ltr'><strong>(Antitheton.)</strong></span> 
     </span>
    </p>
   </div>
   <div class='ocr_carea' id='block_1_5' title="bbox 211 2473 1337 2881">
    <p class='ocr_par' dir='ltr' id='par_1_5' title="bbox 211 2473 1337 2881">
     <span class='ocr_line' id='line_1_19' title="bbox 545 2473 1009 2560; baseline 0.004 -23"><span class='ocrx_word' id='word_1_117' title='bbox 545 2473 601 2537; x_wconf 83' lang='lat' dir='ltr'><strong><em>Ex</em></strong></span> <span class='ocrx_word' id='word_1_118' title='bbox 623 2473 772 2538; x_wconf 84' lang='lat' dir='ltr'><strong>Iliadis</strong></span> <span class='ocrx_word' id='word_1_119' title='bbox 795 2475 864 2538; x_wconf 92' lang='lat' dir='ltr'><strong>lib.</strong></span> <span class='ocrx_word' id='word_1_120' title='bbox 889 2473 1009 2560; x_wconf 76' lang='lat' dir='ltr'><strong>XVIII.</strong></span> 
     </span>
     <span class='ocr_line' id='line_1_20' title="bbox 211 2591 1231 2678; baseline -0.004 -22"><span class='ocrx_word' id='word_1_121' title='bbox 211 2593 252 2656; x_wconf 90' lang='lat' dir='ltr'><strong>V.</strong></span> <span class='ocrx_word' id='word_1_122' title='bbox 279 2601 348 2661; x_wconf 83' lang='lat'><strong>107.</strong></span> <span class='ocrx_word' id='word_1_123' title='bbox 394 2591 435 2668; x_wconf 78' lang='grc' dir='ltr'><strong><em>ὥς</em></strong></span> <span class='ocrx_word' id='word_1_124' title='bbox 459 2595 519 2678; x_wconf 70' lang='grc' dir='ltr'><strong><em>ἔρις</em></strong></span> <span class='ocrx_word' id='word_1_125' title='bbox 543 2595 574 2656; x_wconf 76' lang='grc' dir='ltr'><strong><em>έκ</em></strong></span> <span class='ocrx_word' id='word_1_126' title='bbox 598 2617 628 2655; x_wconf 88' lang='grc' dir='ltr'><strong><em>τε</em></strong></span> <span class='ocrx_word' id='word_1_127' title='bbox 652 2595 761 2677; x_wconf 74' lang='grc' dir='ltr'><strong><em>θεῶν]</em></strong></span> <span class='ocrx_word' id='word_1_128' title='bbox 773 2596 804 2655; x_wconf 78' lang='grc' dir='ltr'><strong><em>έκ</em></strong></span> <span class='ocrx_word' id='word_1_129' title='bbox 828 2596 852 2655; x_wconf 90' lang='grc' dir='ltr'><strong><em>τ’</em></strong></span> <span class='ocrx_word' id='word_1_130' title='bbox 866 2592 1042 2678; x_wconf 83' lang='grc' dir='ltr'><strong><em>ἀνθρώπων</em></strong></span> <span class='ocrx_word' id='word_1_131' title='bbox 1053 2594 1068 2676; x_wconf 92' lang='grc'><strong><em>]</em></strong></span> <span class='ocrx_word' id='word_1_132' title='bbox 1079 2592 1231 2654; x_wconf 87' lang='grc' dir='ltr'><strong><em>ἀπόλοιτο.</em></strong></span> 
     </span>
     <span class='ocr_line' id='line_1_21' title="bbox 1123 2693 1296 2780; baseline 0.006 -21"><span class='ocrx_word' id='word_1_133' title='bbox 1123 2693 1296 2780; x_wconf 79' lang='lat' dir='ltr'><strong>(Parison.)</strong></span> 
     </span>
     <span class='ocr_line' id='line_1_22' title="bbox 213 2796 1337 2881; baseline 0 -21"><span class='ocrx_word' id='word_1_134' title='bbox 213 2797 252 2860; x_wconf 90' lang='lat' dir='ltr'><strong>V.</strong></span> <span class='ocrx_word' id='word_1_135' title='bbox 278 2804 348 2864; x_wconf 80' lang='lat'><strong>252.</strong></span> <span class='ocrx_word' id='word_1_136' title='bbox 393 2797 458 2859; x_wconf 78' lang='grc' dir='ltr'><strong><em>ἀλλ’</em></strong></span> <span class='ocrx_word' id='word_1_137' title='bbox 474 2796 488 2858; x_wconf 80' lang='grc' dir='ltr'><em>ὃ</em></span> <span class='ocrx_word' id='word_1_138' title='bbox 502 2802 558 2876; x_wconf 79' lang='grc' dir='ltr'><strong><em>μὲν</em></strong></span> <span class='ocrx_word' id='word_1_139' title='bbox 575 2796 614 2881; x_wconf 85' lang='grc' dir='ltr'><strong><em>ἀρ</em></strong></span> <span class='ocrx_word' id='word_1_140' title='bbox 636 2798 839 2876; x_wconf 75' lang='grc' dir='ltr'><strong><em>μύθοισιν,</em></strong></span> <span class='ocrx_word' id='word_1_141' title='bbox 850 2796 892 2880; x_wconf 86' lang='grc' dir='ltr'><strong><em>]ύ</em></strong></span> <span class='ocrx_word' id='word_1_142' title='bbox 914 2796 946 2860; x_wconf 81' lang='grc' dir='ltr'><strong><em>δὲ</em></strong></span> <span class='ocrx_word' id='word_1_143' title='bbox 971 2799 1077 2879; x_wconf 72' lang='grc' dir='ltr'><strong><em>ἔγχεϊ</em></strong></span> <span class='ocrx_word' id='word_1_144' title='bbox 1087 2799 1102 2880; x_wconf 88' lang='grc'><strong><em>]</em></strong></span> <span class='ocrx_word' id='word_1_145' title='bbox 1114 2799 1224 2858; x_wconf 85' lang='grc' dir='ltr'><strong><em>πολλὸν</em></strong></span> <span class='ocrx_word' id='word_1_146' title='bbox 1245 2803 1337 2860; x_wconf 82' lang='grc' dir='ltr'><strong><em>ένίκα.</em></strong></span> 
     </span>
    </p>
   </div>
   <div class='ocr_carea' id='block_1_6' title="bbox 211 2916 1341 3819">
    <p class='ocr_par' dir='ltr' id='par_1_6' title="bbox 212 2916 1341 3103">
     <span class='ocr_line' id='line_1_23' title="bbox 212 2916 1341 3003; baseline 0.002 -25"><span class='ocrx_word' id='word_1_147' title='bbox 212 2917 252 2982; x_wconf 91' lang='lat' dir='ltr'><strong>V.</strong></span> <span class='ocrx_word' id='word_1_148' title='bbox 276 2923 455 2985; x_wconf 84' lang='lat'><strong>307-308.</strong></span> <span class='ocrx_word' id='word_1_149' title='bbox 479 2916 517 2978; x_wconf 86' lang='grc' dir='ltr'><strong><em>ού</em></strong></span> <span class='ocrx_word' id='word_1_150' title='bbox 538 2943 604 2996; x_wconf 89' lang='grc' dir='ltr'><strong><em>μιν</em></strong></span> <span class='ocrx_word' id='word_1_151' title='bbox 626 2919 717 2996; x_wconf 77' lang='grc' dir='ltr'><strong><em>έγωγε</em></strong></span> <span class='ocrx_word' id='word_1_152' title='bbox 742 2916 936 2998; x_wconf 81' lang='grc' dir='ltr'><strong><em>φεύξομαι</em></strong></span> <span class='ocrx_word' id='word_1_153' title='bbox 959 2922 990 2978; x_wconf 74' lang='grc' dir='ltr'><strong><em>ἐκ</em></strong></span> <span class='ocrx_word' id='word_1_154' title='bbox 1009 2921 1152 2995; x_wconf 86' lang='grc' dir='ltr'><strong><em>πολέμοιο</em></strong></span> <span class='ocrx_word' id='word_1_155' title='bbox 1167 2917 1314 3000; x_wconf 81' lang='grc' dir='ltr'><strong><em>δυσηχέος,</em></strong></span> <span class='ocrx_word' id='word_1_156' title='bbox 1326 2922 1341 3003; x_wconf 88' lang='grc'><strong><em>]</em></strong></span> 
     </span>
     <span class='ocr_line' id='line_1_24' title="bbox 621 3016 1165 3103; baseline 0 -23"><span class='ocrx_word' id='word_1_157' title='bbox 621 3019 697 3080; x_wconf 89' lang='grc' dir='ltr'><strong><em>ἀλλά</em></strong></span> <span class='ocrx_word' id='word_1_158' title='bbox 720 3016 905 3098; x_wconf 82' lang='grc' dir='ltr'><strong><em>μάλ”άντην</em></strong></span> <span class='ocrx_word' id='word_1_159' title='bbox 927 3019 1165 3103; x_wconf 84' lang='grc' dir='ltr'><strong><em>στήσομαι,]</em></strong></span> 
     </span>
    </p>

    <p class='ocr_par' dir='ltr' id='par_1_7' title="bbox 473 3119 1322 3208">
     <span class='ocr_line' id='line_1_25' title="bbox 473 3119 1322 3208; baseline 0.005 -26"><span class='ocrx_word' id='word_1_160' title='bbox 473 3119 489 3199; x_wconf 83' lang='grc' dir='ltr'><strong><em>ή</em></strong></span> <span class='ocrx_word' id='word_1_161' title='bbox 513 3147 549 3183; x_wconf 90' lang='grc' dir='ltr'><strong><em>κε</em></strong></span> <span class='ocrx_word' id='word_1_162' title='bbox 573 3129 709 3206; x_wconf 86' lang='grc' dir='ltr'><strong><em>φέρησι</em></strong></span> <span class='ocrx_word' id='word_1_163' title='bbox 731 3129 809 3201; x_wconf 84' lang='grc' dir='ltr'><strong><em>μέγα</em></strong></span> <span class='ocrx_word' id='word_1_164' title='bbox 832 3119 1007 3206; x_wconf 80' lang='grc' dir='ltr'><strong><em>κράτος,]ή</em></strong></span> <span class='ocrx_word' id='word_1_165' title='bbox 1031 3146 1070 3183; x_wconf 91' lang='grc' dir='ltr'><strong><em>κε</em></strong></span> <span class='ocrx_word' id='word_1_166' title='bbox 1094 3128 1322 3208; x_wconf 75' lang='grc' dir='ltr'><strong><em>φεροίμην]</em></strong></span> 
     </span>
    </p>

    <p class='ocr_par' dir='ltr' id='par_1_8' title="bbox 212 3224 1294 3412">
     <span class='ocr_line' id='line_1_26' title="bbox 212 3224 1232 3308; baseline -0.002 -20"><span class='ocrx_word' id='word_1_167' title='bbox 212 3224 251 3289; x_wconf 89' lang='lat' dir='ltr'><strong>V.</strong></span> <span class='ocrx_word' id='word_1_168' title='bbox 276 3234 347 3293; x_wconf 83' lang='lat'><strong>309.</strong></span> <span class='ocrx_word' id='word_1_169' title='bbox 393 3227 476 3300; x_wconf 81' lang='grc' dir='ltr'><strong><em>ξυνὸς</em></strong></span> <span class='ocrx_word' id='word_1_170' title='bbox 496 3224 747 3308; x_wconf 83' lang='grc' dir='ltr'><strong><em>Ἐνυάλιος,]καί</em></strong></span> <span class='ocrx_word' id='word_1_171' title='bbox 767 3249 798 3286; x_wconf 91' lang='grc' dir='ltr'><strong><em>τε</em></strong></span> <span class='ocrx_word' id='word_1_172' title='bbox 822 3232 1032 3285; x_wconf 84' lang='grc' dir='ltr'><strong><em>κτανέοντα</em></strong></span> <span class='ocrx_word' id='word_1_173' title='bbox 1055 3231 1232 3286; x_wconf 86' lang='grc' dir='ltr'><strong><em>κατέκτα.</em></strong></span> 
     </span>
     <span class='ocr_line' id='line_1_27' title="bbox 1085 3327 1294 3412; baseline 0 -20"><span class='ocrx_word' id='word_1_174' title='bbox 1085 3327 1294 3412; x_wconf 78' lang='lat' dir='ltr'><strong>(Antitheta.)</strong></span> 
     </span>
    </p>

    <p class='ocr_par' dir='ltr' id='par_1_9' title="bbox 211 3427 1001 3512">
     <span class='ocr_line' id='line_1_28' title="bbox 211 3427 1001 3512; baseline -0.003 -20"><span class='ocrx_word' id='word_1_175' title='bbox 211 3427 250 3492; x_wconf 90' lang='lat' dir='ltr'><strong>V.</strong></span> <span class='ocrx_word' id='word_1_176' title='bbox 274 3435 347 3495; x_wconf 81' lang='lat'><strong>419.</strong></span> <span class='ocrx_word' id='word_1_177' title='bbox 393 3430 443 3511; x_wconf 76' lang='grc' dir='ltr'><strong><em>τῇς</em></strong></span> <span class='ocrx_word' id='word_1_178' title='bbox 460 3432 490 3490; x_wconf 77' lang='grc' dir='ltr'><strong><em>έν</em></strong></span> <span class='ocrx_word' id='word_1_179' title='bbox 511 3431 567 3508; x_wconf 78' lang='grc' dir='ltr'><strong><em>μὲν</em></strong></span> <span class='ocrx_word' id='word_1_180' title='bbox 589 3428 653 3504; x_wconf 87' lang='grc' dir='ltr'><strong><em>νύος</em></strong></span> <span class='ocrx_word' id='word_1_181' title='bbox 671 3433 734 3491; x_wconf 78' lang='grc' dir='ltr'><strong><em>ἐστὶ</em></strong></span> <span class='ocrx_word' id='word_1_182' title='bbox 755 3431 833 3508; x_wconf 84' lang='grc' dir='ltr'><strong><em>μετὰ</em></strong></span> <span class='ocrx_word' id='word_1_183' title='bbox 856 3435 976 3512; x_wconf 76' lang='grc' dir='ltr'><strong><em>φρεσίν,</em></strong></span> <span class='ocrx_word' id='word_1_184' title='bbox 988 3433 1001 3512; x_wconf 94' lang='grc'><strong><em>]</em></strong></span> 
     </span>
    </p>

    <p class='ocr_par' dir='ltr' id='par_1_10' title="bbox 211 3531 1338 3719">
     <span class='ocr_line' id='line_1_29' title="bbox 456 3531 945 3617; baseline 0 -25"><span class='ocrx_word' id='word_1_185' title='bbox 456 3535 486 3592; x_wconf 74' lang='grc' dir='ltr'><strong><em>ἐν</em></strong></span> <span class='ocrx_word' id='word_1_186' title='bbox 508 3531 541 3593; x_wconf 77' lang='grc' dir='ltr'><strong><em>δὲ</em></strong></span> <span class='ocrx_word' id='word_1_187' title='bbox 564 3537 616 3593; x_wconf 82' lang='grc' dir='ltr'><strong><em>καλ</em></strong></span> <span class='ocrx_word' id='word_1_188' title='bbox 639 3531 714 3609; x_wconf 59' lang='lat' dir='ltr'><strong><em>addi]</em></strong></span> <span class='ocrx_word' id='word_1_189' title='bbox 738 3536 790 3593; x_wconf 83' lang='grc' dir='ltr'><strong><em>καλ</em></strong></span> <span class='ocrx_word' id='word_1_190' title='bbox 813 3534 945 3617; x_wconf 86' lang='grc' dir='ltr'><strong><em>σθένος]</em></strong></span> 
     </span>
     <span class='ocr_line' id='line_1_30' title="bbox 211 3631 1338 3719; baseline -0.002 -23"><span class='ocrx_word' id='word_1_191' title='bbox 211 3631 251 3696; x_wconf 90' lang='lat' dir='ltr'><strong>V.</strong></span> <span class='ocrx_word' id='word_1_192' title='bbox 275 3639 347 3701; x_wconf 87' lang='grc'><strong>483.</strong></span> <span class='ocrx_word' id='word_1_193' title='bbox 392 3637 422 3693; x_wconf 75' lang='grc' dir='ltr'><strong><em>ἓν</em></strong></span> <span class='ocrx_word' id='word_1_194' title='bbox 443 3637 499 3711; x_wconf 79' lang='grc' dir='ltr'><strong><em>μὲν</em></strong></span> <span class='ocrx_word' id='word_1_195' title='bbox 520 3641 610 3712; x_wconf 75' lang='grc' dir='ltr'><strong><em>γαῖαν</em></strong></span> <span class='ocrx_word' id='word_1_196' title='bbox 631 3633 723 3705; x_wconf 76' lang='grc' dir='ltr'><strong><em>ἔτευξ’</em></strong></span> <span class='ocrx_word' id='word_1_197' title='bbox 735 3636 760 3717; x_wconf 88' lang='grc'><strong><em>],</em></strong></span> <span class='ocrx_word' id='word_1_198' title='bbox 774 3635 803 3695; x_wconf 73' lang='grc' dir='ltr'><strong><em>ἐν</em></strong></span> <span class='ocrx_word' id='word_1_199' title='bbox 825 3632 986 3718; x_wconf 79' lang='grc' dir='ltr'><strong><em>ἀόύρανὸν</em></strong></span> <span class='ocrx_word' id='word_1_200' title='bbox 996 3638 1063 3719; x_wconf 81' lang='grc' dir='ltr'><strong><em>],έν</em></strong></span> <span class='ocrx_word' id='word_1_201' title='bbox 1085 3634 1119 3697; x_wconf 79' lang='grc' dir='ltr'><strong><em>δὲ</em></strong></span> <span class='ocrx_word' id='word_1_202' title='bbox 1142 3634 1302 3696; x_wconf 89' lang='grc' dir='ltr'><strong><em>θάλασσαν</em></strong></span> <span class='ocrx_word' id='word_1_203' title='bbox 1313 3637 1338 3717; x_wconf 88' lang='grc'><strong><em>],</em></strong></span> 
     </span>
    </p>

    <p class='ocr_par' dir='ltr' id='par_1_11' title="bbox 394 3735 1220 3819">
     <span class='ocr_line' id='line_1_31' title="bbox 394 3735 1220 3819; baseline 0.002 -23"><span class='ocrx_word' id='word_1_204' title='bbox 394 3735 491 3812; x_wconf 85' lang='grc' dir='ltr'><strong><em>ήέλιὸν</em></strong></span> <span class='ocrx_word' id='word_1_205' title='bbox 514 3737 538 3796; x_wconf 86' lang='grc' dir='ltr'><strong><em>τ’</em></strong></span> <span class='ocrx_word' id='word_1_206' title='bbox 550 3735 710 3814; x_wconf 77' lang='grc' dir='ltr'><strong><em>ἀκάμαντα</em></strong></span> <span class='ocrx_word' id='word_1_207' title='bbox 723 3739 737 3818; x_wconf 95' lang='grc'><strong><em>]</em></strong></span> <span class='ocrx_word' id='word_1_208' title='bbox 749 3736 871 3814; x_wconf 75' lang='grc' dir='ltr'><strong><em>σελήνην</em></strong></span> <span class='ocrx_word' id='word_1_209' title='bbox 893 3760 925 3798; x_wconf 86' lang='grc' dir='ltr'><strong><em>τε</em></strong></span> <span class='ocrx_word' id='word_1_210' title='bbox 947 3738 1124 3815; x_wconf 74' lang='grc' dir='ltr'><strong><em>πλήθουσαν</em></strong></span> <span class='ocrx_word' id='word_1_211' title='bbox 1134 3737 1149 3819; x_wconf 92' lang='grc'><strong><em>]</em></strong></span> <span class='ocrx_word' id='word_1_212' title='bbox 1161 3741 1220 3798; x_wconf 80' lang='grc' dir='ltr'><strong><em>κτὲ.</em></strong></span> 
     </span>
    </p>
   </div>
   <div class='ocr_carea' id='block_1_7' title="bbox 1124 3837 1293 3922">
    <p class='ocr_par' dir='ltr' id='par_1_12' title="bbox 1124 3837 1293 3922">
     <span class='ocr_line' id='line_1_32' title="bbox 1124 3837 1293 3922; baseline 0 0"><span class='ocrx_word' id='word_1_213' title='bbox 1124 3837 1293 3922; x_wconf 71' lang='lat' dir='ltr'><strong>=(Parisa.)</strong></span> 
     </span>
    </p>
   </div>
   <div class='ocr_carea' id='block_1_8' title="bbox 209 3929 1149 4024">
    <p class='ocr_par' dir='ltr' id='par_1_13' title="bbox 209 3929 1149 4024">
     <span class='ocr_line' id='line_1_33' title="bbox 209 3929 1149 4024; baseline 0.001 -24"><span class='ocrx_word' id='word_1_214' title='bbox 209 3935 249 4001; x_wconf 89' lang='lat' dir='ltr'><strong>V.</strong></span> <span class='ocrx_word' id='word_1_215' title='bbox 273 3944 346 4006; x_wconf 87' lang='grc'><strong>499.</strong></span> <span class='ocrx_word' id='word_1_216' title='bbox 371 3929 442 4006; x_wconf 66' lang='lat'><strong>560.</strong></span> <span class='ocrx_word' id='word_1_217' title='bbox 489 3938 503 4000; x_wconf 80' lang='grc' dir='ltr'><strong><em>ὃ</em></strong></span> <span class='ocrx_word' id='word_1_218' title='bbox 525 3945 580 4017; x_wconf 80' lang='grc' dir='ltr'><strong><em>μὲν</em></strong></span> <span class='ocrx_word' id='word_1_219' title='bbox 604 3936 735 4021; x_wconf 75' lang='grc' dir='ltr'><strong><em>είίγετο</em></strong></span> <span class='ocrx_word' id='word_1_220' title='bbox 758 3940 862 4001; x_wconf 86' lang='grc' dir='ltr'><strong><em>πάντ’</em></strong></span> <span class='ocrx_word' id='word_1_221' title='bbox 886 3938 1149 4024; x_wconf 76' lang='grc' dir='ltr'><strong><em>ἀποδοῦναι,]</em></strong></span> 
     </span>
    </p>
   </div>
   <div class='ocr_carea' id='block_1_9' title="bbox 420 4040 1334 4232">
    <p class='ocr_par' dir='ltr' id='par_1_14' title="bbox 420 4040 1334 4232">
     <span class='ocr_line' id='line_1_34' title="bbox 420 4040 1334 4140; baseline 0.005 -37"><span class='ocrx_word' id='word_1_222' title='bbox 420 4040 519 4123; x_wconf 81' lang='grc' dir='ltr'><strong><em>(δήμῳ</em></strong></span> <span class='ocrx_word' id='word_1_223' title='bbox 542 4041 738 4124; x_wconf 87' lang='grc' dir='ltr'><strong><em>πιφαύσκων)</em></strong></span> <span class='ocrx_word' id='word_1_224' title='bbox 758 4041 773 4104; x_wconf 78' lang='grc' dir='ltr'>ὁ</span> <span class='ocrx_word' id='word_1_225' title='bbox 796 4041 824 4103; x_wconf 74' lang='grc' dir='ltr'><strong><em>δ’</em></strong></span> <span class='ocrx_word' id='word_1_226' title='bbox 835 4041 972 4105; x_wconf 90' lang='grc' dir='ltr'><strong><em>ἀναίνετο</em></strong></span> <span class='ocrx_word' id='word_1_227' title='bbox 993 4041 1111 4122; x_wconf 77' lang='grc' dir='ltr'><strong><em>μηδὲν</em></strong></span> <span class='ocrx_word' id='word_1_228' title='bbox 1132 4048 1300 4140; x_wconf 80' lang='grc' dir='ltr'><strong><em>ἑλέσθαι</em></strong></span> <span class='ocrx_word' id='word_1_229' title='bbox 1310 4050 1334 4130; x_wconf 92' lang='grc'><strong><em>].</em></strong></span> 
     </span>
     <span class='ocr_line' id='line_1_35' title="bbox 1058 4143 1291 4232; baseline 0.013 -23"><span class='ocrx_word' id='word_1_230' title='bbox 1058 4143 1291 4232; x_wconf 78' lang='lat' dir='ltr'><strong>(Antitheton.)</strong></span> 
     </span>
    </p>
   </div>
   <div class='ocr_carea' id='block_1_10' title="bbox 0 0 1584 4752">
    <p class='ocr_par' dir='ltr' id='par_1_15' title="bbox 0 0 1584 4752">
     <span class='ocr_line' id='line_1_36' title="bbox 0 0 1584 4752; baseline 0 3"><span class='ocrx_word' id='word_1_231' title='bbox 0 0 1584 4752; x_wconf 95' lang='lat' dir='ltr'><strong><em> </em></strong></span> 
     </span>
    </p>
   </div>
  </div>
 </body>
</html>
