3158 4752
211 567 252 632 V.
278 577 349 634 390.
395 566 506 629 ἐνθάδε
530 591 574 627 τοι
599 565 790 642 θάνατος,
800 570 812 642 ]

394 671 503 746 γενεὴ
528 667 564 729 δέ
584 673 631 729 τοί
652 671 709 729 ἐστ’
733 673 784 728 ἐπὶ
807 667 897 749 λίμνῃ
922 667 1065 750 Γυγαίῃ]

1066 766 1299 849 (Antitheton.)

212 871 253 936 V.
278 879 348 940 392.
387 871 496 950 Ὕλλῳ
519 869 565 930 ἐπ’
590 871 767 951 ἰχθυόεντι
778 873 793 952 ]
806 876 858 932 καὶ
875 870 984 952 Ἓρμφ
1008 868 1199 950 δινήεντα]

967 969 1300 1053 (Homoeoteleuton.)

559 1143 615 1206 Ex
639 1142 791 1206 Iliadis
814 1143 883 1204 lib.
908 1141 995 1205 XXI.

213 1263 253 1327 V.
281 1271 350 1331 190.
396 1265 437 1344 τῷ
462 1267 610 1345 κρείσσων
631 1267 685 1341 μὲν
709 1263 784 1336 Ζεὺς
807 1263 953 1342 ποταμῶν
975 1259 1237 1346 ἁλιμυρηέντων-ς]

461 1370 610 1447 κρείσσων
633 1359 703 1426 αῧτε
727 1366 797 1439 Διὸς
820 1366 903 1443 γενεὴ
928 1373 1075 1443 ποταμοῖο
1087 1367 1101 1446 ]
1113 1370 1256 1425 τέτακται.

212 1466 252 1529 V.
280 1475 348 1534 196.
394 1467 424 1537 ἕξ
445 1461 563 1549 οὗπερ]
575 1453 687 1540 πάντες
711 1471 843 1545 ποταμοί
866 1472 918 1527 καί
942 1469 1026 1528 πάσα
1051 1465 1221 1547 θάλασσα]

395 1570 557 1628 καλπιῖσαι
582 1570 688 1650 κρῆναι
712 1573 763 1628 καὶ
789 1573 919 1652 φρείατα
941 1569 1044 1651 μακρὰ
1057 1569 1071 1649 ]
1094 1567 1223 1628 νάουσιν.

219 1670 255 1734 V.
282 1679 352 1738 280.
398 1671 439 1750 τῷ
463 1669 611 1748 κ’ἀγαθὸς
633 1675 688 1749 μὲν
712 1670 992 1754 έιτεφνε,]άγαθὸν
1020 1668 1056 1732 δέ
1079 1694 1129 1732 κεν
1151 1670 1345 1753 ἐξενάριξεν]

213 1787 254 1851 V.
280 1797 350 1856 350·
377 1795 448 1856 351.
494 1794 613 1849 καίοντο
636 1789 761 1849 πτελεάι
785 1813 815 1848 τε
839 1793 891 1848 καὶ
915 1791 993 1850 ἰτέαι
1016 1787 1068 1867 ἡδὲ
1090 1789 1253 1872 μαρίκαι,]
1345 1802 1348 1808 ’

491 1895 593 1951 καίετο
618 1888 650 1952 δὲ
674 1890 768 1964 λωτός
792 1889 870 1966 τ’ἢιλὲ
895 1891 988 1973 θρίον
1010 1891 1062 1969 ἡδὲ
1086 1891 1253 1973 κύπειρον]

814 2080 815 2083 ¹
1151 1992 1301 2076 (Parisa.)

512 2131 514 2134 ’
551 2127 605 2190 Ex
629 2126 877 2192 Iliadislib.
902 2117 1006 2192 ΧΧΠ.

211 2247 251 2310 V.
278 2256 412 2316 56—58.
461 2246 542 2330 άφρα
565 2248 684 2333 σαώσῃς
710 2251 846 2332 Τρῶας
868 2253 920 2309 καὶ
946 2250 1123 2332 Τροιὰς,]

459 2349 534 2429 μηδὲ
557 2357 655 2428 μέγα
679 2350 793 2425 κῦδος
815 2348 951 2434 ὀρέξῃς
972 2349 1144 2434 Πηλείδῃ]

458 2453 545 2528 αὐτὸς
569 2453 601 2514 δὲ
625 2453 740 2532 φίλης
763 2455 905 2528 αἰῶνος
928 2454 1138 2536 ἀμερθῇς]

901 2555 1119 2638 (Αηλίθεελοα,
1144 2555 1301 2637 Parison.)

213 2655 252 2719 V.
279 2663 413 2722 71-76.
460 2664 532 2736 νέφ
551 2657 629 2718 δέτε
654 2657 763 2718 πάντ’
787 2664 987 2735 ἐπέοικεν,
1005 2659 1344 2741 ]άρηἰ’κταμένφ,]

409 2757 597 2839 δεδαϊγμένῳ
611 2759 676 2830 ιἰξέϊ
687 2762 801 2841 χαλκῷ,
812 2761 827 2842 ]
840 2765 976 2822 κεῖσθαι·
988 2761 1086 2820 πάντα
1102 2760 1139 2822 δὲ
1154 2760 1244 2821 καλὰ
1261 2763 1319 2820 κτέ.
1334 2763 1346 2836 ]

407 2859 475 2922 ἀλλ’
498 2859 514 2920 ὅ
537 2885 568 2922 τε
592 2863 628 2938 δὴ
652 2844 757 2923 πολιόν
780 2887 811 2922 τε
836 2863 934 2945 κάρη]
947 2862 1053 2924 πολιόν
1077 2887 1107 2923 τε
1130 2859 1255 2942 γένειον,
1267 2864 1280 2941 ]

411 2961 491 3023 αἰδῶ
515 3009 522 3023 .
548 3010 555 3023 .
582 3011 588 3022 .
615 3011 621 3023 .
648 2970 853 3042 κταμένοιο
876 2962 1075 3047 γέροντος,

413 3065 496 3125 τοῦτο
519 3064 554 3142 δὴ
578 3068 777 3127 οἴκτιστον
799 3067 924 3128 πέλεται
937 3070 951 3148 ]
964 3072 1011 3128 κτὲ

215 3180 256 3244 V.
282 3189 350 3248 109.
378 3189 446 3248 110.
492 3180 580 3260 άντῃν
603 3183 618 3257 ἢ
638 3183 756 3265 Ἀχιλῆα
779 3191 1095 3246 κατακτείναντα
1119 3183 1316 3267 νέεσθαι]

490 3284 716 3362 ἢέκεναίιτὸν
738 3285 902 3346 ὀλέσθαι
927 3284 1067 3360 είκλειῶς
1086 3288 1156 3370 πρὸ
1180 3288 1347 3369 πόληος]

214 3418 257 3483 V.
283 3427 459 3488 149-152.
492 3419 507 3498 ἡ
531 3426 586 3498 μὲν
608 3421 665 3502 γάρ
690 3422 722 3479 θ’
738 3420 851 3482 ὕδατι
874 3420 998 3504 λιαρῷ
1021 3427 1120 3504 ῥέει,

493 3523 575 3602 ἀμφὶ
589 3522 621 3584 δὲ
636 3525 777 3596 καπνὸς
792 3569 799 3582 .
817 3571 823 3582 .
842 3569 848 3582 .
866 3520 1071 3606 ολσείπνρὸς
1090 3525 1347 3604 αἰθομένοιο]

493 3624 565 3702 ἡδὲ
589 3630 676 3708 θέρεϊ
698 3633 821 3708 προρέει
846 3629 977 3687 εἰκαῖα
996 3627 1161 3710 χαλάζῃ,

490 3725 629 3809 ἢχιίινι
654 3729 775 3813 ψυχρῇ
799 3731 874 3811 κτέ]

213 3827 256 3892 V.
273 3834 343 3895 253.
384 3828 485 3908 ἕλοιμί
506 3855 556 3891 κεν
567 3828 609 3912 ]’ή
633 3855 684 3892 κεν
705 3828 809 3908 άλοίῃν
820 3833 842 3914 ].

212 3947 416 4015 10263264.
430 3947 497 4010 οιλδὲ
510 3949 610 4010 λάκοι
626 3973 661 4010 τε
673 3948 841 4032 καίάρνες
854 3947 1038 4031 ὁμόφρονα
1053 3949 1167 4025 θυμὸν
1182 3949 1348 4028 ἔχουσιν]

427 4051 503 4112 ἀλλὰ
528 4053 624 4113 κακά
649 4078 720 4134 φρο
732 4059 862 4113 νέοοσι
873 4053 888 4134 ]
901 4050 1068 4133 διαμπερὲς
1090 4049 1274 4126 ἀλλήλοισιν.

1091 4151 1301 4236 (Antitheta.)
