3158 4752
702 372 913 431 „52-

242 553 282 617 V.
308 561 379 620 502.
405 561 475 620 503.
522 558 588 613 λαοὶ
612 552 829 634 ἀμφοτέροισιν
853 553 1066 634 ἒπύπνον,]

522 653 635 734 (ἀμφὶς
657 652 803 734 ἀρωγοί)
822 654 944 737 κήρυκες
967 653 994 716 δ’
1006 652 1066 736 ἀρα
1089 656 1160 714 λαὸν
1182 654 1309 734 ἐρήτοο
1321 655 1372 734 ν.]

998 755 1329 839 (Homoeoteleuton.)

243 856 283 922 V.
309 867 380 926 519.
425 858 524 936 ἀμφίς
546 857 760 941 ἀριζήλω]
783 863 849 919 λαοί
873 857 961 919 δ’ύπ’
985 858 1162 932 όλίζονες
1185 853 1297 942 ἦσαν]

244 976 284 1041 V.
301 984 478 1044 535-537,
492 983 521 1038 ἐν
535 975 649 1059 δ’Ἔρις
661 978 686 1059 ],
702 979 731 1037 ἒν
745 976 777 1038 δὲ
793 975 944 1054 Κυδοιμὸς
954 975 1085 1054 ὁμίλεον,
1096 980 1110 1060 ]
1122 982 1151 1038 ἐν
1163 977 1260 1054 δ’ὀλοὴ
1274 978 1338 1059 Κὴρ
1349 978 1374 1058 ],

423 1077 513 1139 ἀλλον
536 1081 632 1154 ζωὸν
655 1081 758 1160 ἕλκουσα
783 1081 1034 1162 νεούτατον,]

423 1179 512 1240 ἄλλον
526 1179 675 1257 ἀουτον,
688 1179 804 1265 ]ἀλλον
818 1182 1034 1263 τεθνηῶτα]
1047 1184 1122 1243 κατά
1138 1183 1237 1260 μόθον
1248 1181 1324 1242 ἕλκε.

247 1281 288 1345 V.
313 1290 385 1349 595.
432 1283 491 1342 τῶν
514 1281 540 1342 δ’
557 1285 589 1343 αί
610 1288 667 1360 μὲν
689 1285 800 1357 λεπτάς
824 1282 964 1356 ὀθόνας
987 1277 1060 1365 ἕχον,
1071 1287 1086 1366 ]

429 1387 456 1444 οί
479 1384 511 1445 δὲ
530 1385 702 1464 χιτῶνας
726 1386 801 1445 εἵατ’
827 1385 1012 1468 ἐύννὴτους,]

980 1486 1115 1570 (Parisii,
1139 1485 1332 1567 Antitheta.)

247 1586 287 1650 V.
313 1595 384 1656 597.
430 1591 463 1648 αί
484 1592 539 1664 μὲν
562 1589 655 1661 καλάς
678 1589 828 1666 στεφάνας
852 1590 925 1667 ἔρον,
937 1589 951 1670 ]

429 1693 457 1750 οί
480 1689 512 1750 δὲ
535 1695 687 1773 μαχαίρας
710 1681 790 1770 είχον
807 1693 975 1772 χρυσείας]

831 1791 989 1874 (Ροτὶεοο,
1015 1790 1332 1872 Homoeobeleuton.)

587 1961 643 2023 Ex
665 1959 826 2024 Iliadis
849 1961 920 2024 lib.
945 1959 1033 2027 XIX.

249 2076 288 2140 V.
314 2083 364 2144 79.
410 2078 547 2152 ἑσταότος
568 2083 623 2155 μὲν
646 2081 736 2138 καλὸν
758 2079 888 2155 ἀκούειν,
900 2080 915 2160 ]
927 2079 994 2140 ούδὲ
1018 2081 1113 2142 ἔοικεν
1135 2077 1305 2158 ύββύλλειν.
1317 2080 1332 2156 ]

1162 2180 1334 2262 (Parison.)

250 2278 289 2342 V.
315 2287 365 2347 92.
390 2289 440 2347 93.
487 2283 518 2342 ού
542 2283 599 2361 γὰρ
623 2284 675 2341 ἐπ’
700 2279 741 2342 ού
750 2280 768 2342 δ
777 2307 810 2343 ει
834 2284 1015 2364 πίλναται,]

492 2381 685 2444 dwianii*
798 2384 893 2443 ’Ἢά
935 2386 970 2430 ’ν
1054 2385 1060 2400 ’
1214 2390 1220 2406 ’

542 2427 547 2443 .
592 2443 601 2464 ρ
659 2407 702 2460 ,τε
729 2409 795 2443 κατ
826 2410 859 2443 αι
899 2410 963 2466 ροιι
993 2410 1140 2467 κραατα
1163 2385 1301 2463 βαινει]

252 2481 292 2545 V.
318 2491 388 2547 217.
414 2491 484 2551 218.
530 2491 679 2567 κρείσσων
702 2476 746 2559 είς
769 2492 879 2564 ἐμέθεν
902 2491 953 2546 καὶ
978 2493 1119 2569 φέρτερος
1142 2487 1202 2546 ούκ
1226 2487 1355 2562 ὀλίγον

1153 2613 1210 2672 περ
1234 2590 1379 2668 ἕχχει,]

457 2689 513 2763 ἐγὼ
538 2688 573 2749 δέ
593 2713 625 2749 κε
650 2697 712 2749 σεῖο
737 2691 855 2767 νούμα
869 2696 903 2750 τί
923 2715 962 2766 γε
986 2694 1193 2771 προβαλοίμην
1216 2692 1354 2766 πολλὸν,
1366 2691 1380 2771 ]

254 2786 292 2850 V.
318 2795 388 2853 242.
434 2790 530 2851 αὐτίκ’
555 2793 657 2852 ἔπειθ’
682 2792 746 2867 ἅμα
769 2795 894 2868 μύθος
918 2795 992 2869 ἔην,
1004 2796 1018 2874 ]
1032 2798 1182 2854 τετέλεστο
1197 2792 1228 2854 δὲ
1248 2794 1380 2875 ἔργον]

608 2960 666 3022 Ex
689 2957 841 3024 Iliadis
865 2961 933 3022 lib.
958 2961 1029 3024 XX.

254 3074 294 3139 V.
320 3084 391 3144 205.
437 3076 508 3154 όφει
532 3078 591 3140 ούτ’
616 3078 654 3162 ἀρ
670 3105 718 3141 πω
742 3082 785 3139 σύ
809 3082 919 3158 ἐμούς
943 3080 1104 3158 ίδες]ούτ’
1120 3079 1167 3162 ἀρ’
1183 3085 1251 3160 ε’](ό
1271 3079 1381 3160 σούς]

255 3195 295 3259 V.
321 3203 390 3261 242.
437 3201 512 3273 Ζεὺς
534 3199 641 3282 ἀρετὴν
664 3198 825 3281 ἄνδρεσσιν
843 3198 1005 3278 ὀφέλλει
1031 3201 1086 3281 τε]
1099 3201 1270 3278 μινύθει
1293 3201 1349 3280 τε]

256 3313 296 3376 V.
322 3321 498 3383 248-250,
544 3314 651 3390 πολε-ἐς
675 3316 747 3377 δ’ἔνι
770 3319 866 3394 μῦθοι
891 3327 1040 3393 παντοῖοι,
1053 3320 1067 3400 ]

547 3416 645 3478 ἐπίων
667 3419 699 3480 ἀὲ
723 3420 814 3493 πολύς
838 3422 925 3496 νομός
948 3423 1024 3482 ἔνθα
1048 3423 1099 3480 καί
1123 3421 1230 3501 ἔνθα]

547 3519 712 3582 ὁπποῖόν
734 3548 766 3583 κε
791 3525 965 3606 εἴπῃσθα
989 3525 1117 3602 ἔπος,],

536 3623 648 3696 Ιτοῖόν
671 3648 703 3684 κε
727 3626 1001 3702 ἐπακούσαις]

263 3718 297 3783 V.
322 3728 393 3787 311.
438 3725 560 3783 Αἰνείαν
582 3722 598 3799 ἥ
622 3731 671 3784 κέν
692 3750 746 3803 μιν
768 3727 917 3808 ἐρύσσεαι,
929 3730 943 3808 ]
955 3725 971 3803 ό]
984 3751 1035 3787 κεν
1057 3726 1155 3800 ε’ἀσεις
1167 3730 1180 3807 ]

259 3821 395 3890 V.‹370.
441 3826 472 3885 τὸ
495 3829 550 3902 μὲν
573 3826 787 3909 τελεέι,]τὸ
810 3826 843 3889 δὲ
866 3833 918 3888 καὶ
940 3829 1104 3906 μεσσηγὺ
1128 3828 1316 3905 κολούει]

1135 3917 1342 4012 (Antitheta.)

261 4025 300 4090 V.
325 4033 396 4093 372.
442 4032 472 4090 εί
493 4036 584 4111 πυρί
603 4039 743 4114 χεῖρας
773 4033 1009 4114 ἔοικε,]με’νος
1032 4030 1177 4093 δἀίθωνι
1197 4030 1386 4114 σιδήρῳ]

1063 4118 1065 4122 ’
1171 4131 1343 4216 (Parison.)
