3158 4752
672 389 882 450 ...69-

217 573 248 632 et
264 567 356 650 „dato
372 567 574 647 Παλαμήδους
588 569 765 650 ἀπολογία.Ιι
805 568 915 646 Qualis
929 591 980 633 ars
994 568 1131 654 Gorgiae
1146 569 1180 632 in
1198 571 1338 633 ornanda

218 672 363 738 oratione
385 671 498 751 fuerit,
529 672 779 758 intellegendum
806 676 853 736 est
876 676 907 735 et
930 695 968 736 ex
991 670 1172 757 Agathonis
1195 672 1338 736 oratione

217 774 265 858 (iu
298 773 442 840 Platonis
473 775 650 858 convivio).
682 775 715 838 in
738 795 801 858 qua
832 773 926 837 Plato
959 773 1112 858 Gorgiam
1143 773 1336 856 imitatur')‚

217 881 249 940 et
288 898 327 942 ex
372 875 554 962 fragmento
593 877 736 942 funebris
780 877 848 940 eius
888 876 1098 958 orationis²);
1139 897 1178 939 ex
1223 876 1338 960 quibus

217 979 311 1046 facile
341 979 594 1064 intellegendum
625 983 688 1058 est,
721 1001 817 1063 quam
848 979 938 1044 avide
970 983 1001 1042 et
1032 978 1207 1042 insolenter
1235 978 1339 1042 inanis

217 1080 371 1147 orationis
381 1085 511 1146 ornatus
526 1103 621 1145 cause
630 1079 766 1166 Gorgias
780 1080 861 1158 „illis
871 1080 1117 1144 festivitatibusl
1131 1081 1248 1145 abusus
1259 1081 1338 1165 sitl).

300 1182 414 1267 Neque
450 1205 526 1248 vero
557 1183 723 1267 probabile
754 1183 835 1247 mihi
865 1183 990 1248 videtur
1011 1183 1051 1246 ab
1074 1183 1152 1260 isto,
1185 1185 1241 1268 qui
1263 1206 1339 1248 oon-

216 1287 323 1361 trariis
353 1287 471 1364 utitur,
494 1287 549 1350 ubi
571 1287 679 1352 nullus
703 1285 791 1350 locus
813 1289 862 1350 est
885 1286 1068 1364 contrariis,
1099 1287 1170 1370 qui,
1193 1291 1229 1351 ut
1250 1287 1340 1370 paria

215 1390 346 1475 paribus
368 1390 517 1454 adiuncta
537 1391 617 1468 sint,
641 1391 890 1474 verbaprorsus
925 1411 990 1454 non
1030 1389 1208 1453 necessaria
1243 1390 1339 1468 addit,

216 1493 352 1576 denique
374 1493 430 1576 qui
453 1496 640 1557 ornamenta
661 1491 845 1575 formasque
870 1491 1100 1557 sententiarum
1127 1491 1229 1574 pluris
1243 1513 1340 1575 quam

216 1597 389 1662 sententias
420 1595 505 1680 ipsas
528 1595 622 1672 facit,
645 1593 879 1679 Antiphontem
909 1616 1017 1658 senem
1044 1598 1101 1658 aut
1123 1593 1340 1678 Thucydidem

217 1699 309 1783 quasi
341 1721 398 1782 per
433 1699 585 1784 ambages
616 1697 747 1762 illarum
777 1697 953 1782 figurarum
983 1719 1077 1762 usum
1107 1697 1252 1762 didicisse
1285 1701 1341 1761 aut

217 1801 314 1867 istum
344 1799 474 1884 utrique
504 1801 545 1864 ad
570 1800 759 1864 imitandum
787 1799 989 1884 propositum
1012 1821 1089 1864 esse.
1135 1797 1197 1864 Sed
1226 1799 1341 1864 horum

217 1907 352 1986 uterque
369 1924 497 1986 qnoque
515 1902 623 1986 potius
644 1901 773 1972 illarum
784 1902 959 1987 figurarum
982 1923 1074 1965 usum
1087 1901 1230 1968 Homero
1245 1925 1340 1986 quam

218 2004 356 2090 Gorgiae
378 2004 459 2068 milri
480 2004 606 2089 quidem
630 2004 755 2070 videtur
776 2005 932 2070 debuisse.
976 2003 1149 2069 Homerica
1167 2005 1252 2069 enim
1272 2025 1341 2068 oar·

217 2107 305 2185 mina
335 2129 408 2171 cnm
438 2105 555 2172 cotidie
565 2106 591 2190 4)
622 2106 690 2171 fere
720 2109 790 2170 tum
821 2107 911 2171 festis
941 2107 1052 2171 diebus
1065 2107 1088 2192 5)
1117 2107 1175 2172 illo
1196 2111 1341 2192 tempore

219 2210 355 2278 Athenis
377 2233 396 2274 a
417 2209 584 2294 rhapsodis
614 2211 748 2275 recitata
777 2214 811 2274 et
846 2209 1022 2294 antiquitus
1052 2231 1168 2292 pueros
1198 2210 1270 2273 inde
1301 2210 1342 2272 ab

218 2313 348 2379 ineunte
379 2317 484 2378 aetate
515 2313 648 2377 seientia
671 2335 781 2378 eorum
803 2313 943 2378 imbutos
953 2312 978 2397 6)
1008 2334 1076 2376 esse
1108 2311 1180 2396 quis
1211 2316 1259 2376 est
1285 2313 1339 2397 qui

218 2415 363 2480 nesciat?
416 2413 524 2499 Atque
557 2415 653 2480 etiam
688 2437 805 2499 pueros
839 2415 906 2479 sive
939 2415 1157 2480 adulescentes
1192 2415 1341 2478 universa

217 2519 358 2584 carmina
380 2517 514 2584 Homeri
537 2523 570 2583 et
590 2519 748 2584 bonorum
770 2522 938 2602 poetarum
954 2521 990 2582 ut
1006 2518 1141 2587 Hesiodi
1156 2523 1190 2582 et
1203 2517 1339 2597 Solonis,

218 2626 287 2686 tum
307 2622 445 2686 ediscere
468 2621 668 2690 consuevisse
682 2621 812 2686 tradunt
834 2621 988 2706 Plaroq
1011 2625 1045 2686 et
1066 2621 1293 2705 Xenophon
1303 2619 1339 2705 ⁸).

305 2827 326 2894 ¹)
343 2827 484 2897 Imprimis
512 2829 638 2882 extrema
661 2844 726 2898 pars
761 2826 797 2896 (p.
828 2827 875 2882 197
904 2827 996 2892 D-ll)
1022 2829 1066 2880 est
1092 2843 1156 2880 vere
1184 2825 1342 2895 Gorgiana3

218 2913 252 2992 de
280 2931 337 2984 qua
363 2913 451 2976 Blass.
478 2913 508 2980 (1.
536 2931 562 2984 p.
590 2914 641 2978 77.)
659 2913 729 2968 haec
754 2912 840 2968 dicit:
875 2913 929 2969 Am
948 2913 1152 2980 glanavollsten
1170 2913 1208 2966 ist
1226 2912 1275 2971 der
1293 2913 1341 2966 ab·

218 2987 403 3054 schliessende
421 2999 596 3068 Lobgemng,
615 2998 664 3067 der
682 2998 786 3071 einmal
804 2997 876 3051 auch
895 2997 1023 3055 wirlrlich
1042 2997 1072 3052 in
1089 2997 1174 3052 Verse
1194 2998 1340 3066 abergehc

217 3087 295 3140 sonst
321 3085 389 3139 aber
414 3082 659 3138 stattvderselban
685 3081 853 3137 Antithesen
880 3081 1027 3136 Parisosen
1051 3084 1102 3136 etc.
1128 3083 1275 3150 praeterea
1293 3081 1340 3135 cfr.

218 3170 346 3241 Spengel.
364 3189 390 3239 p.
409 3169 450 3224 78.
469 3171 517 3234 77;
544 3169 658 3223 Becker.
677 3187 704 3238 p.
725 3168 763 3222 18.

304 3255 326 3323 3)
344 3255 409 3310 vide
425 3273 452 3324 p.
471 3255 513 3310 34.

305 3343 326 3404 Β)
345 3341 393 3395 cfr.
412 3339 499 3395 Cicer.
519 3341 621 3394 orator.
639 3339 681 3404 52,
702 3339 757 3394 176.
794 3339 881 3393 Blass.
901 3339 921 3405 Ι,
939 3357 966 3408 p.
984 3339 1018 3394 62
1036 3357 1096 3408 sqq.

305 3426 328 3494 4)
345 3427 392 3481 cfr.
412 3425 539 3495 Xenoph.
558 3424 667 3480 conviv.
685 3424 733 3478 111.
753 3427 776 3479 6.

321 3511 434 3580 'atridas
451 3510 629 3584 ἄκροώμενόν
645 3527 678 3580 γε
706 3511 796 3564 αὐτῶν
814 3509 907 3578 ὀλίγου
924 3508 967 3562 ἀν’
986 3509 1101 3575 ἑκάστην
1120 3510 1240 3580 ἡμέραν;

305 3597 328 3664 1)
346 3597 427 3652 Isocr.
446 3613 547 3666 paneg.
567 3596 589 3663 ξ.
611 3596 667 3650 150.
702 3596 812 3662 Platon.
830 3595 891 3650 Jon
910 3615 937 3666 p.
955 3596 1013 3652 530.

371 3681 558 3750 Ssngeburch.
583 3683 604 3748 L
631 3701 657 3752 p.
679 3682 728 3736 128
745 3700 805 3751 sqq.
847 3682 946 3737 bauer.
964 3701 990 3752 p.
1012 3682 1051 3738 13.
1088 3681 1188 3750 Bergk.
1207 3682 1227 3746 1,
1246 3699 1272 3750 p.
1291 3681 1342 3736 487

422 3785 482 3836 sqq.
502 3769 574 3836 etp.
593 3767 643 3822 875
662 3785 721 3836 sqq.

373 3851 491 3917 Friedel,
510 3851 545 3915 de
562 3852 663 3922 philos.
683 3851 811 3908 Graecor.
830 3851 931 3908 studiis
949 3853 1105 3908 Homericis
1122 3871 1149 3922 p.
1171 3853 1184 3906 1
1202 3869 1262 3920 sqq.

303 3942 324 4004 6)
342 3937 440 3992 Laner.
460 3955 486 4007 p.
505 3937 522 3992 8
540 3955 600 4008 sqq.
1164 3929 1166 3932 ¹

303 4026 325 4090 7)
343 4022 391 4076 cfr.
411 4022 523 4091 Protag.
550 4042 576 4092 p.
604 4023 663 4078 325.
692 4023 721 4078 Ε.
748 4025 777 4078 et
795 4024 869 4093 legg.
888 4023 954 4088 Vll,
985 4024 1023 4078 15.
1051 4041 1077 4092 p.
1096 4023 1155 4078 810.
1190 4023 1343 4089 Hermann,

216 4107 322 4180 griech.
340 4106 480 4175 Antiquit.
499 4107 547 4164 ΠΙ.
566 4126 592 4176 p.
611 4107 662 4162 278
680 4107 775 4162 adnot
794 4109 818 4162 6.
838 4110 861 4162 7.

152 4186 155 4191 ’
301 4193 324 4266 8)
341 4192 449 4251 courir.
467 4193 515 4263 ΙΙΙ,
533 4193 558 4247 5.
595 4193 781 4262 Sengebuscln
800 4212 827 4266 p.
848 4194 905 4250 104.
922 4194 970 4252 105
987 4211 1048 4268 sqq.
1084 4194 1182 4249 Lauar.
1201 4212 1227 4264 p.
1245 4195 1261 4248 5
1281 4211 1334 4266 sqq
