3158 4752
694 385 906 444 ..36-

239 586 293 628 rae
307 563 341 647 ¹),
365 585 446 648 quae
466 586 484 626 a
502 563 720 648 grammaticis
743 562 937 650 „Gorgieae“
960 563 1172 648 appellantur,
1186 565 1366 648 (,,Γοργίεια

240 667 398 746 σχήματα(
422 688 441 728 a
462 664 619 749 Dionysio
650 667 688 730 de
709 665 801 730 Dem.
828 677 862 744 53
893 667 946 750 25)
970 671 1045 731 sunt
1072 665 1185 750 hae²):
1219 665 1366 729 ἀντίθετα

241 767 422 851 (contrariis
444 767 546 831 relata
570 767 754 851 contraria),
774 769 890 851 πάρισα
914 769 1018 852 (paria
1039 767 1170 851 paribus
1193 768 1366 851 adiuncta),

240 871 395 954 παρόμοια
419 869 582 952 (similiter
604 869 758 952 definita).
812 867 934 944 Quibus
966 869 1004 932 de
1034 869 1147 954 figuris
1174 869 1367 934 Aristoteles

240 969 360 1056 Gorgia
383 993 449 1034 non
469 971 635 1036 nominato
657 969 784 1032 disserit
809 969 904 1051 (rhet.
930 967 988 1047 III,
1017 978 1034 1036 9
1063 992 1094 1052 p.
1124 976 1182 1037 201
1208 970 1293 1053 sqq.)
1317 970 1367 1034 his

239 1074 362 1138 verbis:
408 1073 597 1152 ἀντικειμένη
620 1070 663 1148 δὲ,
686 1075 716 1132 ἐν
737 1067 755 1154 ᾗ
778 1076 908 1153 ἑκατέρῳ
933 1075 973 1154 τῷ
997 1071 1085 1151 κώλῳ
1108 1069 1125 1149 ἢ
1147 1073 1222 1154 πρὸς
1244 1073 1366 1152 ἐναντίῳ

240 1178 371 1238 ἐναντίον
394 1177 548 1254 σύγκειται
571 1171 587 1252 ἢ
610 1172 699 1234 taciti
724 1175 898 1247 ἐπέζευκται
921 1179 982 1246 τοῖς
1004 1177 1147 1248 ἐναντίοις
1165 1168 1227 1234 οἷον
1246 1178 1295 1236 κτὲ
1310 1220 1317 1234 .
1334 1220 1365 1234 ..

239 1275 254 1339 ὅ
285 1279 342 1360 γὰρ
371 1278 486 1358 ἓίεγχος
512 1275 665 1352 συναγωγὴ
697 1277 757 1335 τῶν
782 1273 998 1352 ἀντικειμένων
1030 1277 1125 1335 ἐστίν·
1160 1273 1369 1350 ἀντίθεσις

238 1383 294 1458 μὲν
316 1373 366 1438 οάν
389 1379 420 1439 τὸ
444 1379 575 1438 τοιοῦτόν
598 1382 693 1439 ἔστιν’
725 1383 823 1460 παρί
833 1396 955 1450 σωσις
986 1375 1034 1454 ἀὲ,
1058 1380 1108 1438 ἐὰν
1130 1379 1182 1438 tta
1205 1379 1241 1438 τὰ
1265 1379 1366 1438 κῶλα·

240 1480 554 1564 παρομοίωσις3)
587 1479 631 1558 δὲ,
663 1478 700 1542 ἀν
730 1479 822 1558 ὃμοια
854 1479 889 1540 τὰ
922 1479 1030 1560 ἔσχατα
1063 1480 1111 1564 ἔχη
1142 1480 1281 1560 ἑκάτερον
1310 1481 1369 1541 τῶν

241 1581 361 1643 κώλων·
381 1581 495 1660 ἀνάγκη
518 1579 550 1644 δὲ
574 1581 591 1659 ἢ
613 1587 643 1643 ἐν
665 1581 740 1668 ἀρχῇ
763 1579 778 1659 ἢ
802 1584 853 1642 ἐπὶ
876 1583 1010 1658 τελευτῆς
1033 1581 1110 1662 ἔχειν
1124 1586 1182 1644 κτέ.
1215 1579 1369 1666 Gorgiam

240 1686 349 1746 autem
381 1683 421 1746 ab
445 1679 621 1747 Aristotele
655 1704 714 1764 pro
748 1682 914 1745 inventore
942 1679 1070 1745 illarum
1094 1681 1271 1767 figurarum
1304 1705 1368 1746 non
1414 1703 1419 1713 ’

239 1785 352 1848 haberi
370 1783 421 1847 vel
445 1806 484 1848 ex
503 1806 540 1848 eo
559 1784 707 1868 intellegi
724 1786 841 1867 potest,
861 1784 947 1867 quod
963 1785 1075 1848 eodem
1093 1784 1164 1850 loco
1179 1785 1241 1850 hoc
1260 1807 1368 1849 exem-

240 1885 330 1968 plum
351 1885 475 1970 figurae
499 1885 736 1969 (παρομοίωσις)
767 1906 805 1947 ex
827 1883 1009 1949 Homericis
1034 1885 1227 1950 carminibus
1251 1885 1368 1969 repetit

242 1985 293 2069 (Il.
316 1984 380 2064 lX,
405 1987 510 2070 526.):
534 1991 730 2070 „Aupqzot
751 1987 926 2064 τ’ἐπέλοντο,
949 1988 1137 2072 παράρρητοί
1170 1990 1368 2049 τ’ἒπέεσσιν.“

240 2087 476 2172 Dionysius
506 2089 575 2172 ipse
598 2110 736 2174 quoque,
761 2111 830 2152 cum
854 2089 1034 2152 haecdicit
1057 2089 1120 2172 (ep.
1144 2087 1177 2152 II
1199 2089 1238 2152 ad
1260 2087 1368 2153 Amm.

181 2177 187 2190 '
241 2210 267 2252 c.
292 2195 320 2256 2.
342 2213 373 2273 p.
399 2191 474 2274 τοι)
499 2190 572 2268 ,ιιι
596 2189 708 2269 trau.
734 2238 740 2251 .
767 2239 773 2252 .
800 2238 807 2252 .
831 2195 861 2253 a
883 2186 946 2266 αῖς
967 2191 1182 2252 salestam
1214 2196 1370 2275 Γιριιις

244 2289 352 2368 ‘A.“,
388 2291 468 2356 mihi
500 2292 625 2356 videtur
656 2295 795 2356 statuere
827 2291 982 2377 Gorgiam
1018 2291 1147 2354 laudem
1176 2291 1369 2356 inventionis

244 2398 449 2456 consecutum
479 2415 548 2457 esse
579 2398 765 2478 propterea,
798 2395 883 2478 quod
910 2394 950 2457 iis
981 2393 1093 2478 figuris
1125 2394 1265 2458 crebrius
1297 2393 1370 2458 aliis

244 2517 320 2559 usus
356 2496 405 2559 sit.
457 2496 794 2561 Paronomasiam
839 2499 966 2581 quidem
1006 2498 1046 2560 ab
1090 2495 1368 2578 Empedocle⁴)

242 2597 307 2660 iam
342 2619 410 2661 esse
446 2601 633 2682 usurpatam
665 2597 834 2663 Fossius
863 2599 885 2663 l.
922 2599 944 2663 l.
967 2621 998 2682 p.
1036 2607 1075 2666 57
1112 2598 1254 2682 colligit3
1289 2597 1368 2661 item

329 2834 351 2900 1)
369 2835 410 2888 Ex
434 2837 636 2892 recentioribus
659 2838 693 2893 de
712 2839 755 2892 his
775 2839 870 2908 liguris
888 2837 1052 2892 Volkmann
1079 2838 1209 2890 accurate
1238 2836 1369 2891 disseruit

244 2917 273 2970 in
299 2917 387 2984 libro,
416 2921 465 2988 qui
494 2921 561 2988 „Die
588 2923 726 2978 Rhetorik
753 2924 802 2978 der
821 2923 958 2978 Griechen
976 2923 1034 2976 und
1053 2923 1169 3008 Rbmer“
1197 2921 1367 2976 inscribitur.

244 3003 279 3072 (p.
298 3003 356 3156 40²7).
369 3003 540 3146 {grolffioem
567 3109 606 3146 or.
629 3110 651 3146 c.
678 3091 712 3144 49
739 3093 767 3146 et
791 3091 832 3144 52.
870 3089 962 3154 Quint.
988 3089 1040 3156 IX,
1065 3091 1090 3156 3,
1115 3091 1155 3143 74.
1191 3089 1305 3158 Dionys.
1332 3089 1368 3143 ad

244 3171 389 3252 Ammss,
408 3175 431 3228 2.
451 3195 476 3244 p.
497 3176 553 3230 792.
572 3175 606 3240 Il,
625 3193 648 3230 o.
669 3177 699 3229 17
717 3195 744 3244 p.
763 3175 821 3242 808,
841 3175 903 3228 aliis
922 3175 998 3241 locis,
1017 3192 1086 3244 quos
1104 3173 1177 3228 Foss.
1197 3193 1223 3242 p.
1234 3176 1267 3228 56
1278 3173 1368 3228 affert.

330 3294 352 3358 8)
370 3293 423 3346 Illo
441 3293 569 3347 nomine:
588 3294 810 3364 ,,ποιρομοίοισις“
830 3293 928 3348 eodem
947 3294 1008 3348 loco
1027 3293 1063 3346 ab
1073 3292 1226 3348 Aritotele
1245 3311 1369 3363 compre·

243 3375 408 3428 henduntur
426 3394 476 3430 eae
494 3377 608 3445 figurae,
627 3394 700 3445 quae
718 3377 754 3429 ab
770 3377 833 3430 aliis
843 3377 1024 3445 scriptoribus
1033 3379 1235 3432 recentioribus
1246 3378 1367 3447 Gorgiae

244 3459 422 3514 tribuuntur:
433 3463 562 3529 σχήματα
571 3462 769 3530 ὁμοιοιὲλοοτα,
778 3464 943 3534 παρήχησις,
954 3466 1156 3532 παρονομασία.
1181 3465 1229 3518 cfr.
1241 3464 1367 3519 Fossium

244 3545 262 3597 l.
288 3545 306 3596 l.
330 3563 357 3612 p.
375 3546 408 3598 56
429 3565 489 3614 sqq.
517 3548 567 3615 qui
593 3548 708 3615 quidem
735 3547 799 3600 illas
826 3547 1066 3617 ,,παρονομαοίαι“
1093 3548 1230 3617 principio
1255 3549 1368 3602 nomine

244 3633 464 3698 παρομοιώσεων
481 3633 695 3702 οοαιῃροαοαοοο
714 3649 772 3686 esse
799 3631 910 3699 colligIt
934 3649 966 3684 ex
985 3631 1100 3686 Aristot.
1128 3632 1198 3686 rhet.
1218 3633 1271 3698 Ill,
1299 3633 1322 3686 9.
1342 3651 1368 3700 p.

248 3713 303 3768 183.
322 3713 370 3765 ubi
389 3715 441 3767 hoo
468 3719 683 3784 παρομοιώσεως
708 3717 867 3784 exemplum
895 3715 1031 3782 legimus:
1068 3713 1170 3786 ,ἀγρὸν
1196 3719 1250 3787 γὰρ
1275 3717 1369 3782 ἔλαβεν

245 3795 358 3864 ἀργὸν
379 3801 446 3868 ,παρ’
465 3799 573 3853 αὐτοῠ.“

331 3900 352 3964 ⁴)
371 3871 464 3953 loss.
484 3901 530 3954 l.l.
549 3921 575 3970 p.
595 3903 627 3955 57
647 3902 699 3955 boc
718 3903 893 3971 Empedoclis
913 3903 1090 3970 epigramma
1104 3901 1193 3966 affort,
1207 3901 1282 3969 quod
1293 3902 1367 3969 aprud

248 3982 328 4049 Diog.
348 3983 425 4036 linet.
444 3985 493 4036 vit.
513 3985 592 4054 Emp.
612 3985 686 4048 Vlll,
706 3986 737 4038 65
756 3987 889 4054 scriptum
909 3985 1045 4054 legimus:

350 4064 496 4137 ,ζἈκρον
515 4068 607 4138 ἰητρὸν
618 4069 767 4138 ’Ἄκρων’
782 4065 1063 4138 Ἀκραγαντῖνον
1080 4068 1182 4135 πατρὸς
1200 4073 1309 4137 ἀκρον

349 4153 474 4221 Κρύπτει
492 4151 649 4223 κρημνὸς
666 4158 772 4225 ἄκρος
789 4152 924 4226 πατρίδος
942 4151 1161 4226 ἀκροτάτης.“

472 4395 475 4399 ’
570 4420 589 4452 Α
