3158 4752
661 318 873 382 ..93-

199 503 324 566 etiam
346 501 411 564 his
434 499 631 564 laudibus
660 500 709 564 ab
729 500 866 576 amico,
904 499 975 582 qni
996 499 1043 566 ab
1066 499 1333 566 adversariis

197 604 239 666 in
262 603 422 667 crimen
442 602 712 685 proditionis
734 605 912 664 vocatus
936 593 1150 685 etcapiti's
1172 603 1332 668 damna-

198 708 264 768 tus
303 707 411 780 erat,
449 703 483 766 si
520 724 598 766 non
629 701 738 784 apud
760 701 978 784 aequale,
1018 707 1060 766 at
1086 707 1333 788 certeapud

199 809 401 890 postero·
437 803 545 868 illud
576 804 737 867 crimen
769 796 1022 886 prop'ulsare
1056 805 1174 869 velit.
1230 805 1333 882 Quam

199 907 417 972 defensionem
438 906 491 970 hic
513 905 702 987 scriptorem
731 905 908 988 suscepisse
940 927 1005 969 non
1033 906 1137 970 solum
1161 907 1334 993 colligatur

200 1032 240 1074 ex
261 1009 444 1092 praedicata
478 1006 673 1072 liberalitate
709 1011 765 1070 aut
798 1029 838 1070 ex
871 1007 985 1070 ceteris
1021 1008 1153 1072 summis
1174 1009 1332 1090 laudibus,

200 1111 373 1175 sedetiam
397 1133 436 1174 ex
472 1131 519 1187 eo,
556 1109 640 1191 quod
662 1108 881 1192 Thucydides,
917 1131 989 1172 cum
1011 1109 1103 1174 illam
1135 1111 1334 1194 praeclaram

200 1217 397 1296 postremam
419 1212 595 1276 orationem
620 1215 857 1288 commemoret,
882 1215 914 1274 et
936 1211 974 1274 de
993 1212 1125 1276 crimine
1142 1213 1334 1297 proditionis

201 1319 234 1378 et
255 1315 460 1378 damnatione
474 1315 497 1396 ¹)
520 1313 642 1376 reticet.
682 1311 883 1396 Quamquam
897 1334 962 1376 non
976 1313 1030 1378 hic
1051 1336 1143 1392 unus,
1167 1316 1334 1380 sedetiam

201 1417 296 1480 multi
317 1439 358 1480 ex
379 1415 563 1480 hominibus
587 1403 729 1478 eiusdem
751 1415 866 1478 aetatis
900 1415 950 1478 illi
973 1416 1098 1480 crimini
1122 1416 1215 1480 tidem
1237 1417 1333 1482 abro-

201 1519 327 1604 gavisse
349 1517 429 1582 mihi
451 1517 608 1593 videntur,
644 1516 769 1580 etiamsi
792 1538 860 1580 rem
883 1517 1055 1581 iudicatam
1077 1518 1201 1582 irritam
1228 1518 1334 1583 facere

201 1642 266 1684 non
287 1621 449 1682 auderent.
494 1617 623 1702 Lysiam
656 1618 784 1701 quidem
820 1618 904 1682 idem
935 1619 1064 1697 sentire,
1096 1621 1181 1703 quod
1203 1620 1333 1705 Thucy-

202 1723 316 1799 didem,
340 1721 529 1784 concludere
553 1721 654 1784 audeo
678 1742 717 1783 ex
740 1719 802 1784 hoc
824 1719 906 1796 loco,
926 1720 960 1783 in
983 1743 1047 1804 quo
1073 1722 1101 1785 is
1130 1722 1236 1786 calore
1252 1745 1333 1806 quo·

203 1825 276 1888 dam
298 1822 534 1904 Antiphontem
557 1820 643 1884 dicit.
669 1821 728 1903 (or.
752 1818 816 1884 XII
839 1825 950 1884 contra
973 1821 1137 1886 Eratosth.
1161 1823 1180 1905 ἓ
1203 1823 1268 1906 67).

289 1924 377 2000 Quae
397 1947 496 2008 quum
518 1923 563 1986 ita
577 1923 651 1999 sint,
666 1926 698 1985 et
714 1944 753 1986 ex
766 1922 827 1986 hoc
841 1922 914 1986 loco
928 1922 998 2005 (lib.
1011 1922 1100 2001 VIII,
1124 1945 1151 1987 c.
1168 1925 1222 2008 68)
1243 1925 1334 2008 quasi

201 2028 306 2111 pietas
329 2026 485 2109 quaedam
507 2025 573 2088 sive
597 2024 712 2086 caritas
737 2023 822 2087 haud
844 2024 995 2109 ambigue
1020 2025 1194 2108 perluceat,
1224 2027 1334 2091 videor

202 2129 283 2192 mihi
294 2150 360 2192 non
368 2129 436 2192 sine
447 2149 542 2190 causa
552 2126 612 2190 hoc
623 2126 789 2190 arbitrari:
803 2126 1040 2209 Thucydidem,
1057 2127 1085 2190 si
1098 2149 1162 2191 non
1173 2127 1335 2191 artissimo

203 2252 298 2294 verae
321 2227 481 2292 amicitiae
504 2227 632 2294 vinculo
655 2247 727 2290 cum
749 2227 951 2310 Antiphoute
982 2228 1169 2292 conirmctus
1192 2232 1248 2291 aut
1269 2229 1334 2293 dis-

204 2331 330 2416 cipulus
352 2331 419 2396 eIus
442 2330 556 2407 fuerit,
593 2334 626 2391 at
649 2333 734 2392 certe
765 2329 976 2412 Antiphontis
999 2329 1218 2394 familiaritate
1240 2353 1337 2394 usum

204 2455 283 2498 esse.
329 2432 417 2508 Quae
440 2436 548 2496 autem
570 2454 610 2494 ex
632 2431 682 2494 his
705 2431 912 2514 amplissimis
929 2431 1036 2496 verbis
1049 2431 1244 2515 Thucydidis
1258 2453 1333 2516 per-

203 2536 320 2612 lucent,
344 2535 389 2598 eis
412 2539 595 2618 temporum
617 2534 757 2598 rationes
779 2555 844 2598 non
866 2535 1005 2611 obstent,
1029 2556 1101 2597 cum
1116 2534 1201 2598 inter
1223 2555 1334 2599 omnes

203 2641 329 2702 constet
350 2637 411 2700 hos
432 2636 517 2700 viros
540 2657 605 2700 non
618 2636 713 2700 nimis
727 2637 824 2721 longe
840 2635 1205 2700 distantibusaetatibus
1222 2635 1332 2700 fuisse.

74 2739 82 2748 '
204 2737 371 2820 Antiphon
408 2738 546 2821 quidem,
583 2759 678 2820 quem
701 2742 803 2815 recte,
835 2741 872 2800 ut
901 2737 983 2800 mihi
1012 2737 1169 2808 videntur,
1198 2736 1334 2800 Ruhn-

179 2837 387 2922 'kenius²)
417 2843 449 2902 et
471 2838 705 2921 Blassius³)
750 2838 792 2902 ol.
822 2846 861 2905 75
893 2861 922 2902 a.
957 2838 1090 2904 lve12
1122 2842 1237 2902 natum
1265 2860 1335 2904 esse

204 2942 447 3019 contenderimt,
470 2941 654 3024 Thucydide
690 2963 790 3004 anuos
823 2944 917 3004 natus
952 2939 1056 3004 maior
1090 2939 1190 3004 fuisse
1223 2941 1334 3006 decem

203 3021 428 3126 quindecimve
457 3043 593 3109 videtur.
647 3041 866 3126 Thucydidem
899 3042 984 3106 enim
1016 3045 1128 3106 natum
1164 3064 1233 3106 esse
1267 3064 1333 3107 non

204 3149 278 3209 ante
310 3167 429 3209 annum
459 3153 519 3211 471
544 3145 629 3208 inter
651 3167 777 3222 omnes,
814 3145 870 3229 qui
901 3145 937 3208 in
958 3145 1027 3209 vita
1048 3144 1115 3208 eius
1138 3143 1334 3227 exploranda

203 3248 324 3311 versati
339 3251 422 3326 sunt,
446 3251 482 3311 ut
504 3247 581 3310 satis
604 3251 738 3326 constat,
761 3247 807 3311 ita
830 3267 989 3330 quoanno
1003 3247 1162 3325 natus‘sIt,
1185 3247 1335 3312 illiinter

289 3483 310 3550 ¹)
329 3484 364 3538 de
382 3484 436 3538 hac
453 3501 483 3540 re
502 3485 625 3538 Blassius
650 3485 704 3552 (ed.
724 3485 842 3554 Autiph.
866 3485 954 3554 praef.
972 3503 1000 3553 p.
1019 3484 1141 3552 XXXV.)
1159 3485 1229 3539 dicit
1247 3485 1333 3540 haec:

207 3569 441 3635 ,Damnationem
453 3569 637 3637 Antiphontis
646 3585 709 3622 cum
728 3587 784 3623 uon
803 3572 1008 3626 commemoret
1016 3569 1202 3638 Thucydides,
1221 3570 1251 3624 id
1265 3587 1334 3638 quo·

204 3669 259 3720 que
279 3651 313 3705 de
340 3653 538 3707 familiaritate
563 3653 710 3722 utriusque
735 3657 903 3722 argumento
928 3654 991 3708 suit.
1027 3655 1075 3708 cfr.
1094 3653 1143 3708 vit
1162 3643 1332 3722 Thucydi).

206 3737 262 3792 190.
281 3736 501 3792 Wescennannr

290 3821 313 3887 Β)
331 3821 366 3876 de
377 3821 681 3877 dissertRuhnken.
701 3822 749 3877 cfr.
760 3823 896 3893 Hoppe,
914 3822 1172 3890 Antiphonteorum
1190 3820 1334 3890 specimen

203 3923 229 3974 p.
252 3906 324 3959 1-9.
361 3907 460 3961 Halae.
479 3907 543 3960 Sar.
563 3908 627 3962 diss.
648 3907 721 3962 1874.

288 3995 311 4060 ⁸)
330 3991 443 4046 Blass.
474 3993 495 4046 1.
513 3992 622 4052 (Gesch.
647 3991 674 4046 d.
700 3994 751 4046 att.
775 3991 888 4047 Bereds.
911 4009 967 4046 ron
985 3989 1105 4058 Gorgias
1122 3989 1165 4044 bis
1187 3990 1229 4057 Ia.)
1246 4009 1273 4060 p.
1292 3990 1334 4044 83.

203 4075 228 4128 2.
247 4075 333 4141 idem,
352 4075 395 4131 ed.
414 4075 531 4145 Antiph.
550 4077 637 4146 praet.
656 4095 682 4145 p.
699 4075 824 4132 XXXIV.
843 4077 868 4130 9.
885 4075 983 4132 adnot.
1000 4075 1041 4142 (in
1058 4074 1122 4129 vita
1137 4075 1265 4144 Antiph.)
