<?xml version="1.0" encoding="UTF-8"?>
<!DOCTYPE html PUBLIC "-//W3C//DTD XHTML 1.0 Transitional//EN"
    "http://www.w3.org/TR/xhtml1/DTD/xhtml1-transitional.dtd">
<html xmlns="http://www.w3.org/1999/xhtml" xml:lang="en" lang="en">
 <head>
  <title>
</title>
<meta http-equiv="Content-Type" content="text/html;charset=utf-8" />
  <meta name='ocr-system' content='tesseract 3.04.00' />
  <meta name='ocr-capabilities' content='ocr_page ocr_carea ocr_par ocr_line ocrx_word'/>
</head>
<body>
  <div class='ocr_page' id='page_1' title='image "./dethucydideanti00niesgoog_0035.png"; bbox 0 0 3158 4752; ppageno 0'>
   <div class='ocr_carea' id='block_1_1' title="bbox 695 309 997 370">
    <p class='ocr_par' dir='ltr' id='par_1_1' title="bbox 695 309 997 370">
     <span class='ocr_line' id='line_1_1' title="bbox 695 309 997 370; baseline -0.017 -21"><span class='ocrx_word' id='word_1_1' title='bbox 695 309 997 370; x_wconf 68' lang='lat'><strong>..30...⁴</strong></span> 
     </span>
    </p>
   </div>
   <div class='ocr_carea' id='block_1_2' title="bbox 162 484 1401 2389">
    <p class='ocr_par' dir='ltr' id='par_1_2' title="bbox 162 484 1401 2389">
     <span class='ocr_line' id='line_1_2' title="bbox 162 484 1362 571; baseline 0.004 -23"><span class='ocrx_word' id='word_1_2' title='bbox 162 525 165 534; x_wconf 58' lang='lat'><strong>.</strong></span> <span class='ocrx_word' id='word_1_3' title='bbox 238 485 425 550; x_wconf 90' lang='lat' dir='ltr'><strong>inciderunt.</strong></span> <span class='ocrx_word' id='word_1_4' title='bbox 470 485 643 568; x_wconf 87' lang='lat' dir='ltr'><strong>Dionysius</strong></span> <span class='ocrx_word' id='word_1_5' title='bbox 665 484 770 550; x_wconf 88' lang='lat' dir='ltr'><strong>Halic.</strong></span> <span class='ocrx_word' id='word_1_6' title='bbox 794 486 922 568; x_wconf 90' lang='lat' dir='ltr'><strong>quidem</strong></span> <span class='ocrx_word' id='word_1_7' title='bbox 944 487 979 550; x_wconf 92' lang='lat' dir='ltr'><strong>in</strong></span> <span class='ocrx_word' id='word_1_8' title='bbox 1000 488 1213 570; x_wconf 81' lang='lat' dir='ltr'><strong>percensenda</strong></span> <span class='ocrx_word' id='word_1_9' title='bbox 1234 487 1362 571; x_wconf 81' lang='lat' dir='ltr'><strong>Thucy-</strong></span> 
     </span>
     <span class='ocr_line' id='line_1_3' title="bbox 238 587 1364 672; baseline 0.002 -22"><span class='ocrx_word' id='word_1_10' title='bbox 238 587 318 650; x_wconf 86' lang='lat' dir='ltr'><strong>didis</strong></span> <span class='ocrx_word' id='word_1_11' title='bbox 340 607 457 671; x_wconf 88' lang='lat' dir='ltr'><strong>genere</strong></span> <span class='ocrx_word' id='word_1_12' title='bbox 479 587 603 651; x_wconf 86' lang='lat' dir='ltr'><strong>dicendi</strong></span> <span class='ocrx_word' id='word_1_13' title='bbox 623 587 708 650; x_wconf 92' lang='lat' dir='ltr'><strong>hunc</strong></span> <span class='ocrx_word' id='word_1_14' title='bbox 730 609 833 669; x_wconf 86' lang='lat' dir='ltr'><strong>neque</strong></span> <span class='ocrx_word' id='word_1_15' title='bbox 848 587 1043 652; x_wconf 78' lang='lat' dir='ltr'><strong>imitatorem</strong></span> <span class='ocrx_word' id='word_1_16' title='bbox 1056 610 1159 672; x_wconf 91' lang='lat' dir='ltr'><strong>neque</strong></span> <span class='ocrx_word' id='word_1_17' title='bbox 1172 589 1364 672; x_wconf 87' lang='lat' dir='ltr'><strong>discipulum</strong></span> 
     </span>
     <span class='ocr_line' id='line_1_4' title="bbox 188 687 1364 773; baseline 0.001 -22"><span class='ocrx_word' id='word_1_18' title='bbox 188 695 191 699; x_wconf 85' lang='lat'>&#39;</span> <span class='ocrx_word' id='word_1_19' title='bbox 237 687 326 752; x_wconf 92' lang='lat' dir='ltr'><strong>illius</strong></span> <span class='ocrx_word' id='word_1_20' title='bbox 347 691 451 765; x_wconf 84' lang='lat' dir='ltr'><strong>vocat,</strong></span> <span class='ocrx_word' id='word_1_21' title='bbox 474 689 529 752; x_wconf 89' lang='lat' dir='ltr'><strong>sed</strong></span> <span class='ocrx_word' id='word_1_22' title='bbox 551 689 603 771; x_wconf 92' lang='lat' dir='ltr'><strong>(de</strong></span> <span class='ocrx_word' id='word_1_23' title='bbox 626 687 767 770; x_wconf 83' lang='lat' dir='ltr'><strong>Thucyd.</strong></span> <span class='ocrx_word' id='word_1_24' title='bbox 793 694 842 765; x_wconf 84' lang='lat'><strong>24,</strong></span> <span class='ocrx_word' id='word_1_25' title='bbox 854 711 885 770; x_wconf 91' lang='lat' dir='ltr'><strong>p.</strong></span> <span class='ocrx_word' id='word_1_26' title='bbox 901 690 977 771; x_wconf 83' lang='lat'>869)</span> <span class='ocrx_word' id='word_1_27' title='bbox 1001 693 1126 752; x_wconf 90' lang='lat' dir='ltr'><strong>tantum</strong></span> <span class='ocrx_word' id='word_1_28' title='bbox 1148 689 1225 754; x_wconf 91' lang='lat' dir='ltr'><strong>dicit</strong></span> <span class='ocrx_word' id='word_1_29' title='bbox 1238 690 1364 773; x_wconf 87' lang='lat' dir='ltr'><strong>saepius</strong></span> 
     </span>
     <span class='ocr_line' id='line_1_5' title="bbox 237 787 1365 874; baseline 0.002 -22"><span class='ocrx_word' id='word_1_30' title='bbox 237 787 358 873; x_wconf 84' lang='lat' dir='ltr'><strong>figuras</strong></span> <span class='ocrx_word' id='word_1_31' title='bbox 382 788 580 872; x_wconf 74' lang='grc' dir='ltr'><strong><em>(ἀντιθέσεις,</em></strong></span> <span class='ocrx_word' id='word_1_32' title='bbox 602 793 839 872; x_wconf 79' lang='grc' dir='ltr'><strong><em>παρονομασίας,</em></strong></span> <span class='ocrx_word' id='word_1_33' title='bbox 861 788 954 873; x_wconf 80' lang='lat' dir='ltr'><strong>alias)</strong></span> <span class='ocrx_word' id='word_1_34' title='bbox 986 795 1155 874; x_wconf 77' lang='lat' dir='ltr'><strong>usurpatas</strong></span> <span class='ocrx_word' id='word_1_35' title='bbox 1178 812 1263 868; x_wconf 82' lang='lat' dir='ltr'><strong>esse,</strong></span> <span class='ocrx_word' id='word_1_36' title='bbox 1285 791 1365 854; x_wconf 82' lang='lat' dir='ltr'><strong>haec</strong></span> 
     </span>
     <span class='ocr_line' id='line_1_6' title="bbox 229 885 1363 975; baseline 0.003 -23"><span class='ocrx_word' id='word_1_37' title='bbox 229 889 355 954; x_wconf 71' lang='lat' dir='ltr'><strong>‘addens</strong></span> <span class='ocrx_word' id='word_1_38' title='bbox 386 895 438 968; x_wconf 72' lang='lat' dir='ltr'><strong>„dv</strong></span> <span class='ocrx_word' id='word_1_39' title='bbox 468 885 518 965; x_wconf 74' lang='grc' dir='ltr'><strong>αἷς</strong></span> <span class='ocrx_word' id='word_1_40' title='bbox 547 890 707 952; x_wconf 71' lang='grc' dir='ltr'><strong><em>ἐπλεόνασε</em></strong></span> <span class='ocrx_word' id='word_1_41' title='bbox 741 895 872 974; x_wconf 76' lang='grc' dir='ltr'><strong><em>Γοργίας</em></strong></span> <span class='ocrx_word' id='word_1_42' title='bbox 894 889 909 951; x_wconf 81' lang='grc' dir='ltr'><strong><em>ὃ</em></strong></span> <span class='ocrx_word' id='word_1_43' title='bbox 931 898 1060 953; x_wconf 87' lang='grc' dir='ltr'><strong><em>Λεοντ.“</em></strong></span> <span class='ocrx_word' id='word_1_44' title='bbox 1109 895 1276 975; x_wconf 76' lang='lat' dir='ltr'><strong>praeterea</strong></span> <span class='ocrx_word' id='word_1_45' title='bbox 1306 891 1363 956; x_wconf 86' lang='lat' dir='ltr'><strong>cfr.</strong></span> 
     </span>
     <span class='ocr_line' id='line_1_7' title="bbox 239 987 1364 1076; baseline 0.005 -26"><span class='ocrx_word' id='word_1_46' title='bbox 239 994 311 1072; x_wconf 74' lang='grc' dir='ltr'><strong><em>περὶ</em></strong></span> <span class='ocrx_word' id='word_1_47' title='bbox 333 1015 358 1052; x_wconf 82' lang='grc' dir='ltr'><strong>τ.</strong></span> <span class='ocrx_word' id='word_1_48' title='bbox 385 991 476 1052; x_wconf 85' lang='grc' dir='ltr'><strong><em>Θοοκ.</em></strong></span> <span class='ocrx_word' id='word_1_49' title='bbox 502 988 544 1056; x_wconf 73' lang='lat' dir='ltr'><strong>td.</strong></span> <span class='ocrx_word' id='word_1_50' title='bbox 571 997 608 1056; x_wconf 83' lang='lat'><strong>17</strong></span> <span class='ocrx_word' id='word_1_51' title='bbox 632 1013 663 1072; x_wconf 89' lang='lat' dir='ltr'><strong>p.</strong></span> <span class='ocrx_word' id='word_1_52' title='bbox 687 997 759 1058; x_wconf 87' lang='grc'><strong>808.</strong></span> <span class='ocrx_word' id='word_1_53' title='bbox 803 987 892 1054; x_wconf 84' lang='lat' dir='ltr'>Idem</span> <span class='ocrx_word' id='word_1_54' title='bbox 914 989 978 1054; x_wconf 92' lang='lat' dir='ltr'><strong>alio</strong></span> <span class='ocrx_word' id='word_1_55' title='bbox 1000 990 1071 1055; x_wconf 93' lang='lat' dir='ltr'><strong>loco</strong></span> <span class='ocrx_word' id='word_1_56' title='bbox 1095 993 1149 1075; x_wconf 88' lang='lat' dir='ltr'><strong>(ad</strong></span> <span class='ocrx_word' id='word_1_57' title='bbox 1171 991 1227 1056; x_wconf 86' lang='lat' dir='ltr'><strong>Gn.</strong></span> <span class='ocrx_word' id='word_1_58' title='bbox 1251 991 1364 1076; x_wconf 88' lang='lat' dir='ltr'><strong>Pomp.</strong></span> 
     </span>
     <span class='ocr_line' id='line_1_8' title="bbox 237 1089 1365 1176; baseline 0.002 -22"><span class='ocrx_word' id='word_1_59' title='bbox 237 1111 269 1172; x_wconf 92' lang='lat' dir='ltr'><strong>p.</strong></span> <span class='ocrx_word' id='word_1_60' title='bbox 294 1090 370 1172; x_wconf 82' lang='lat'>775)</span> <span class='ocrx_word' id='word_1_61' title='bbox 393 1089 510 1154; x_wconf 84' lang='lat' dir='ltr'><strong>veteris</strong></span> <span class='ocrx_word' id='word_1_62' title='bbox 533 1089 661 1152; x_wconf 87' lang='lat' dir='ltr'><strong>Atticae</strong></span> <span class='ocrx_word' id='word_1_63' title='bbox 683 1089 811 1153; x_wconf 76' lang='lat' dir='ltr'>dialecti</span> <span class='ocrx_word' id='word_1_64' title='bbox 834 1089 991 1172; x_wconf 87' lang='lat' dir='ltr'><strong>optimum</strong></span> <span class='ocrx_word' id='word_1_65' title='bbox 1017 1093 1181 1176; x_wconf 83' lang='lat' dir='ltr'><strong>exemplar</strong></span> <span class='ocrx_word' id='word_1_66' title='bbox 1202 1093 1365 1176; x_wconf 85' lang='lat' dir='ltr'><strong>Thucydi-</strong></span> 
     </span>
     <span class='ocr_line' id='line_1_9' title="bbox 238 1189 1366 1277; baseline 0 -23"><span class='ocrx_word' id='word_1_67' title='bbox 238 1190 310 1254; x_wconf 85' lang='lat' dir='ltr'><strong>dem</strong></span> <span class='ocrx_word' id='word_1_68' title='bbox 324 1211 393 1254; x_wconf 81' lang='lat' dir='ltr'><strong>esse</strong></span> <span class='ocrx_word' id='word_1_69' title='bbox 407 1191 520 1254; x_wconf 74' lang='lat' dir='ltr'><strong>statuit</strong></span> <span class='ocrx_word' id='word_1_70' title='bbox 541 1189 592 1254; x_wconf 80' lang='lat' dir='ltr'><strong>his</strong></span> <span class='ocrx_word' id='word_1_71' title='bbox 610 1190 732 1255; x_wconf 66' lang='lat' dir='ltr'><strong>verbis:</strong></span> <span class='ocrx_word' id='word_1_72' title='bbox 756 1189 938 1276; x_wconf 76' lang='grc' dir='ltr'><strong><em>,,Ἡρόδοτός</em></strong></span> <span class='ocrx_word' id='word_1_73' title='bbox 956 1217 987 1254; x_wconf 87' lang='grc' dir='ltr'><strong>τε</strong></span> <span class='ocrx_word' id='word_1_74' title='bbox 1001 1195 1059 1277; x_wconf 82' lang='grc' dir='ltr'><strong>γὰρ</strong></span> <span class='ocrx_word' id='word_1_75' title='bbox 1076 1193 1231 1269; x_wconf 74' lang='grc' dir='ltr'><strong><em>τῆςἸιλδος</em></strong></span> <span class='ocrx_word' id='word_1_76' title='bbox 1244 1192 1366 1277; x_wconf 82' lang='grc' dir='ltr'><strong><em>ι’ίριστος</em></strong></span> 
     </span>
     <span class='ocr_line' id='line_1_10' title="bbox 239 1291 1366 1378; baseline 0.005 -26"><span class='ocrx_word' id='word_1_77' title='bbox 239 1292 385 1369; x_wconf 80' lang='grc' dir='ltr'><strong><em>κανών,</em></strong></span> <span class='ocrx_word' id='word_1_78' title='bbox 415 1291 670 1369; x_wconf 81' lang='grc' dir='ltr'><strong><em>Θουκυδίδης</em></strong></span> <span class='ocrx_word' id='word_1_79' title='bbox 693 1317 730 1354; x_wconf 87' lang='grc' dir='ltr'><strong>τε</strong></span> <span class='ocrx_word' id='word_1_80' title='bbox 765 1293 828 1369; x_wconf 76' lang='grc' dir='ltr'><strong>τῆς</strong></span> <span class='ocrx_word' id='word_1_81' title='bbox 859 1293 1076 1368; x_wconf 53' lang='lat' dir='ltr'><strong>’ritatem‘</strong></span> <span class='ocrx_word' id='word_1_82' title='bbox 1130 1293 1244 1378; x_wconf 83' lang='lat' dir='ltr'><strong>Neque</strong></span> <span class='ocrx_word' id='word_1_83' title='bbox 1277 1295 1366 1358; x_wconf 85' lang='lat' dir='ltr'><strong>deest</strong></span> 
     </span>
     <span class='ocr_line' id='line_1_11' title="bbox 239 1390 1366 1478; baseline 0.002 -22"><span class='ocrx_word' id='word_1_84' title='bbox 239 1390 376 1476; x_wconf 77' lang='lat' dir='ltr'><strong>Gorgias</strong></span> <span class='ocrx_word' id='word_1_85' title='bbox 398 1391 482 1475; x_wconf 86' lang='lat' dir='ltr'><strong>apud</strong></span> <span class='ocrx_word' id='word_1_86' title='bbox 503 1391 737 1471; x_wconf 85' lang='lat' dir='ltr'><strong>Marcellinum,</strong></span> <span class='ocrx_word' id='word_1_87' title='bbox 761 1393 816 1476; x_wconf 92' lang='lat' dir='ltr'><strong>qui</strong></span> <span class='ocrx_word' id='word_1_88' title='bbox 838 1393 915 1456; x_wconf 87' lang='lat' dir='ltr'><strong>dicit</strong></span> <span class='ocrx_word' id='word_1_89' title='bbox 938 1393 970 1477; x_wconf 61' lang='grc' dir='ltr'><strong>(ξ</strong></span> <span class='ocrx_word' id='word_1_90' title='bbox 993 1394 1065 1478; x_wconf 78' lang='grc'>36);</span> <span class='ocrx_word' id='word_1_91' title='bbox 1089 1396 1237 1474; x_wconf 63' lang='grc' dir='ltr'><strong><em>»ἐζήλωσε</em></strong></span> <span class='ocrx_word' id='word_1_92' title='bbox 1261 1433 1301 1442; x_wconf 89' lang='grc'>-</span> <span class='ocrx_word' id='word_1_93' title='bbox 1325 1395 1366 1472; x_wconf 70' lang='grc' dir='ltr'><strong><em>ὥς</em></strong></span> 
     </span>
     <span class='ocr_line' id='line_1_12' title="bbox 240 1491 1364 1580; baseline 0.002 -24"><span class='ocrx_word' id='word_1_94' title='bbox 240 1512 331 1574; x_wconf 79' lang='grc' dir='ltr'><strong><em>φησιν</em></strong></span> <span class='ocrx_word' id='word_1_95' title='bbox 346 1491 505 1568; x_wconf 67' lang='grc' dir='ltr'><strong><em>’Ἄντυλλος</em></strong></span> <span class='ocrx_word' id='word_1_96' title='bbox 528 1529 569 1540; x_wconf 87' lang='lat'><strong>—-</strong></span> <span class='ocrx_word' id='word_1_97' title='bbox 591 1497 637 1555; x_wconf 75' lang='grc' dir='ltr'><strong>ἐπ’</strong></span> <span class='ocrx_word' id='word_1_98' title='bbox 665 1494 765 1574; x_wconf 76' lang='grc' dir='ltr'><strong><em>ὀλίγον</em></strong></span> <span class='ocrx_word' id='word_1_99' title='bbox 791 1499 844 1555; x_wconf 76' lang='grc' dir='ltr'><strong><em>καί</em></strong></span> <span class='ocrx_word' id='word_1_100' title='bbox 867 1497 933 1570; x_wconf 73' lang='grc' dir='ltr'><strong><em>τῐλς</em></strong></span> <span class='ocrx_word' id='word_1_101' title='bbox 964 1500 992 1557; x_wconf 91' lang='grc' dir='ltr'><strong>Γ</strong></span> <span class='ocrx_word' id='word_1_102' title='bbox 996 1501 1128 1580; x_wconf 86' lang='grc' dir='ltr'><strong><em>οργίου</em></strong></span> <span class='ocrx_word' id='word_1_103' title='bbox 1154 1498 1364 1560; x_wconf 78' lang='grc' dir='ltr'><strong><em>τοῦΛεοντ.</em></strong></span> 
     </span>
     <span class='ocr_line' id='line_1_13' title="bbox 239 1594 1401 1682; baseline 0.003 -26"><span class='ocrx_word' id='word_1_104' title='bbox 239 1594 438 1679; x_wconf 82' lang='grc' dir='ltr'><strong><em>παρισώσεις,</em></strong></span> <span class='ocrx_word' id='word_1_105' title='bbox 450 1598 502 1655; x_wconf 75' lang='grc' dir='ltr'><strong><em>καὶ</em></strong></span> <span class='ocrx_word' id='word_1_106' title='bbox 526 1596 578 1668; x_wconf 82' lang='grc' dir='ltr'><strong>τὰς</strong></span> <span class='ocrx_word' id='word_1_107' title='bbox 600 1594 795 1670; x_wconf 69' lang='grc' dir='ltr'><strong>ἀντιθέσειςα</strong></span> <span class='ocrx_word' id='word_1_108' title='bbox 811 1598 871 1659; x_wconf 86' lang='lat' dir='ltr'><strong>etc.</strong></span> <span class='ocrx_word' id='word_1_109' title='bbox 886 1595 949 1678; x_wconf 74' lang='lat' dir='ltr'><strong>et§</strong></span> <span class='ocrx_word' id='word_1_110' title='bbox 966 1604 1002 1663; x_wconf 86' lang='lat'><strong>51</strong></span> <span class='ocrx_word' id='word_1_111' title='bbox 1020 1597 1201 1675; x_wconf 64' lang='grc' dir='ltr'><strong><em>»πολυειδὴς</em></strong></span> <span class='ocrx_word' id='word_1_112' title='bbox 1214 1597 1249 1660; x_wconf 79' lang='grc' dir='ltr'><strong>δὲ</strong></span> <span class='ocrx_word' id='word_1_113' title='bbox 1266 1603 1295 1660; x_wconf 70' lang='grc' dir='ltr'><strong>ἓν</strong></span> <span class='ocrx_word' id='word_1_114' title='bbox 1306 1606 1367 1674; x_wconf 75' lang='grc' dir='ltr'><strong><em>τοῖς</em></strong></span> <span class='ocrx_word' id='word_1_115' title='bbox 1398 1667 1401 1682; x_wconf 38' lang='lat'><strong><em>¹</em></strong></span> 
     </span>
     <span class='ocr_line' id='line_1_14' title="bbox 240 1694 1366 1782; baseline 0.004 -26"><span class='ocrx_word' id='word_1_116' title='bbox 240 1694 385 1782; x_wconf 72' lang='grc' dir='ltr'><strong><em>σχήμασι,</em></strong></span> <span class='ocrx_word' id='word_1_117' title='bbox 404 1695 440 1756; x_wconf 83' lang='grc' dir='ltr'><strong><em>τὰ</em></strong></span> <span class='ocrx_word' id='word_1_118' title='bbox 459 1696 556 1755; x_wconf 81' lang='grc' dir='ltr'><strong><em>πολλὰ</em></strong></span> <span class='ocrx_word' id='word_1_119' title='bbox 576 1700 643 1756; x_wconf 76' lang='grc' dir='ltr'><strong><em>καί</em></strong></span> <span class='ocrx_word' id='word_1_120' title='bbox 662 1697 734 1758; x_wconf 74' lang='grc' dir='ltr'><strong><em>τοῖν</em></strong></span> <span class='ocrx_word' id='word_1_121' title='bbox 752 1701 919 1779; x_wconf 76' lang='grc' dir='ltr'><strong><em>Γοργίου</em></strong></span> <span class='ocrx_word' id='word_1_122' title='bbox 942 1699 999 1758; x_wconf 76' lang='grc' dir='ltr'><strong><em>τοῦ</em></strong></span> <span class='ocrx_word' id='word_1_123' title='bbox 1021 1703 1156 1760; x_wconf 87' lang='grc' dir='ltr'><strong><em>Λεοντ.</em></strong></span> <span class='ocrx_word' id='word_1_124' title='bbox 1179 1700 1366 1779; x_wconf 85' lang='grc' dir='ltr'><strong><em>μιμούμε-</em></strong></span> 
     </span>
     <span class='ocr_line' id='line_1_15' title="bbox 239 1793 1366 1878; baseline 0.007 -22"><span class='ocrx_word' id='word_1_125' title='bbox 239 1800 335 1870; x_wconf 86' lang='grc' dir='ltr'><strong><em>νος.“</em></strong></span> <span class='ocrx_word' id='word_1_126' title='bbox 379 1793 597 1878; x_wconf 79' lang='lat' dir='ltr'><strong>Thucydidem</strong></span> <span class='ocrx_word' id='word_1_127' title='bbox 619 1798 760 1860; x_wconf 86' lang='lat' dir='ltr'><strong>veterem</strong></span> <span class='ocrx_word' id='word_1_128' title='bbox 777 1795 921 1860; x_wconf 86' lang='lat' dir='ltr'><strong>Atticam</strong></span> <span class='ocrx_word' id='word_1_129' title='bbox 942 1796 1115 1862; x_wconf 75' lang='lat' dir='ltr'><strong>dialectum</strong></span> <span class='ocrx_word' id='word_1_130' title='bbox 1137 1801 1281 1862; x_wconf 89' lang='lat' dir='ltr'><strong>secutum</strong></span> <span class='ocrx_word' id='word_1_131' title='bbox 1298 1820 1366 1864; x_wconf 89' lang='lat' dir='ltr'><strong>esse</strong></span> 
     </span>
     <span class='ocr_line' id='line_1_16' title="bbox 238 1895 1366 1982; baseline 0.002 -20"><span class='ocrx_word' id='word_1_132' title='bbox 238 1897 316 1962; x_wconf 88' lang='lat' dir='ltr'><strong>dicit</strong></span> <span class='ocrx_word' id='word_1_133' title='bbox 325 1895 531 1962; x_wconf 89' lang='lat' dir='ltr'><strong>Marcellinus</strong></span> <span class='ocrx_word' id='word_1_134' title='bbox 542 1900 560 1981; x_wconf 62' lang='grc' dir='ltr'>ξ</span> <span class='ocrx_word' id='word_1_135' title='bbox 571 1905 621 1966; x_wconf 83' lang='grc'><strong>52.</strong></span> <span class='ocrx_word' id='word_1_136' title='bbox 652 1897 714 1974; x_wconf 82' lang='lat' dir='ltr'><strong>Qui</strong></span> <span class='ocrx_word' id='word_1_137' title='bbox 726 1899 870 1963; x_wconf 81' lang='lat' dir='ltr'><strong>imitator</strong></span> <span class='ocrx_word' id='word_1_138' title='bbox 883 1899 967 1982; x_wconf 83' lang='lat' dir='ltr'><strong>apud</strong></span> <span class='ocrx_word' id='word_1_139' title='bbox 984 1897 1207 1963; x_wconf 89' lang='lat' dir='ltr'><strong>Marcellinum</strong></span> <span class='ocrx_word' id='word_1_140' title='bbox 1226 1919 1366 1964; x_wconf 88' lang='lat' dir='ltr'><strong>comme-</strong></span> 
     </span>
     <span class='ocr_line' id='line_1_17' title="bbox 239 1997 1365 2084; baseline 0.002 -20"><span class='ocrx_word' id='word_1_141' title='bbox 239 2002 392 2078; x_wconf 89' lang='lat' dir='ltr'><strong>moratur,</strong></span> <span class='ocrx_word' id='word_1_142' title='bbox 415 2000 444 2063; x_wconf 89' lang='lat' dir='ltr'><strong>is</strong></span> <span class='ocrx_word' id='word_1_143' title='bbox 465 1999 571 2064; x_wconf 83' lang='lat' dir='ltr'><strong>evadit</strong></span> <span class='ocrx_word' id='word_1_144' title='bbox 593 1999 766 2082; x_wconf 88' lang='lat' dir='ltr'><strong>discipulus</strong></span> <span class='ocrx_word' id='word_1_145' title='bbox 789 1997 928 2084; x_wconf 77' lang='lat' dir='ltr'><strong>Gorgiae</strong></span> <span class='ocrx_word' id='word_1_146' title='bbox 952 2000 1037 2083; x_wconf 88' lang='lat' dir='ltr'><strong>apud</strong></span> <span class='ocrx_word' id='word_1_147' title='bbox 1058 1999 1292 2064; x_wconf 87' lang='lat' dir='ltr'><strong>Philostratum</strong></span> <span class='ocrx_word' id='word_1_148' title='bbox 1309 2001 1365 2066; x_wconf 88' lang='lat' dir='ltr'><strong>vit.</strong></span> 
     </span>
     <span class='ocr_line' id='line_1_18' title="bbox 241 2099 1365 2186; baseline 0.003 -22"><span class='ocrx_word' id='word_1_149' title='bbox 241 2099 375 2184; x_wconf 89' lang='lat' dir='ltr'><strong>sophist.</strong></span> <span class='ocrx_word' id='word_1_150' title='bbox 398 2123 429 2184; x_wconf 92' lang='lat' dir='ltr'><strong>p.</strong></span> <span class='ocrx_word' id='word_1_151' title='bbox 454 2107 515 2168; x_wconf 84' lang='lat'><strong>209</strong></span> <span class='ocrx_word' id='word_1_152' title='bbox 539 2103 587 2167; x_wconf 91' lang='lat' dir='ltr'><strong>ed.</strong></span> <span class='ocrx_word' id='word_1_153' title='bbox 610 2102 735 2186; x_wconf 85' lang='lat' dir='ltr'><strong>Kayser</strong></span> <span class='ocrx_word' id='word_1_154' title='bbox 758 2101 829 2185; x_wconf 87' lang='lat' dir='ltr'><strong>(cfr.</strong></span> <span class='ocrx_word' id='word_1_155' title='bbox 844 2101 881 2166; x_wconf 78' lang='lat' dir='ltr'><strong>a.</strong></span> <span class='ocrx_word' id='word_1_156' title='bbox 896 2101 1058 2166; x_wconf 80' lang='lat' dir='ltr'><strong>Peterson.</strong></span> <span class='ocrx_word' id='word_1_157' title='bbox 1081 2101 1180 2186; x_wconf 91' lang='lat' dir='ltr'><strong>Dorp.</strong></span> <span class='ocrx_word' id='word_1_158' title='bbox 1196 2105 1365 2168; x_wconf 89' lang='lat' dir='ltr'><strong>comment.</strong></span> 
     </span>
     <span class='ocr_line' id='line_1_19' title="bbox 241 2201 1366 2289; baseline 0 -21"><span class='ocrx_word' id='word_1_159' title='bbox 241 2225 273 2286; x_wconf 92' lang='lat' dir='ltr'><strong>p.</strong></span> <span class='ocrx_word' id='word_1_160' title='bbox 290 2209 327 2268; x_wconf 95' lang='lat' dir='ltr'><strong>ll</strong></span> <span class='ocrx_word' id='word_1_161' title='bbox 342 2204 494 2289; x_wconf 77' lang='lat' dir='ltr'><strong>sqq.).-</strong></span> <span class='ocrx_word' id='word_1_162' title='bbox 515 2202 669 2287; x_wconf 76' lang='lat' dir='ltr'><strong>Gorgiam</strong></span> <span class='ocrx_word' id='word_1_163' title='bbox 680 2208 788 2268; x_wconf 87' lang='lat' dir='ltr'><strong>autem</strong></span> <span class='ocrx_word' id='word_1_164' title='bbox 802 2225 830 2268; x_wconf 91' lang='lat' dir='ltr'><strong>a.</strong></span> <span class='ocrx_word' id='word_1_165' title='bbox 850 2210 911 2270; x_wconf 80' lang='lat'><strong>427</strong></span> <span class='ocrx_word' id='word_1_166' title='bbox 931 2201 981 2268; x_wconf 90' lang='lat'><strong>01.</strong></span> <span class='ocrx_word' id='word_1_167' title='bbox 998 2212 1048 2282; x_wconf 87' lang='grc'><strong>88,</strong></span> <span class='ocrx_word' id='word_1_168' title='bbox 1072 2225 1100 2266; x_wconf 87' lang='lat' dir='ltr'><strong>a.</strong></span> <span class='ocrx_word' id='word_1_169' title='bbox 1116 2209 1144 2268; x_wconf 82' lang='lat'><strong>2.</strong></span> <span class='ocrx_word' id='word_1_170' title='bbox 1159 2225 1178 2267; x_wconf 89' lang='lat' dir='ltr'><strong>a</strong></span> <span class='ocrx_word' id='word_1_171' title='bbox 1191 2203 1366 2283; x_wconf 83' lang='lat' dir='ltr'><strong>Leontinis,</strong></span> 
     </span>
     <span class='ocr_line' id='line_1_20' title="bbox 243 2303 1367 2389; baseline 0.002 -23"><span class='ocrx_word' id='word_1_172' title='bbox 243 2325 341 2386; x_wconf 89' lang='lat' dir='ltr'><strong>quum</strong></span> <span class='ocrx_word' id='word_1_173' title='bbox 357 2325 376 2366; x_wconf 88' lang='lat' dir='ltr'><strong>a</strong></span> <span class='ocrx_word' id='word_1_174' title='bbox 390 2303 598 2388; x_wconf 78' lang='lat' dir='ltr'><strong>Syracusanis</strong></span> <span class='ocrx_word' id='word_1_175' title='bbox 612 2305 699 2370; x_wconf 91' lang='lat' dir='ltr'><strong>bello</strong></span> <span class='ocrx_word' id='word_1_176' title='bbox 718 2305 984 2389; x_wconf 82' lang='lat' dir='ltr'><strong>opprimerentur,</strong></span> <span class='ocrx_word' id='word_1_177' title='bbox 1003 2303 1182 2388; x_wconf 88' lang='lat' dir='ltr'><strong>principem</strong></span> <span class='ocrx_word' id='word_1_178' title='bbox 1195 2303 1367 2389; x_wconf 87' lang='lat' dir='ltr'><strong>legationis</strong></span> 
     </span>
    </p>
   </div>
   <div class='ocr_carea' id='block_1_3' title="bbox 241 2403 1367 2994">
    <p class='ocr_par' dir='ltr' id='par_1_3' title="bbox 241 2403 1367 2994">
     <span class='ocr_line' id='line_1_21' title="bbox 242 2403 1367 2490; baseline 0.001 -22"><span class='ocrx_word' id='word_1_179' title='bbox 242 2403 386 2468; x_wconf 84' lang='lat' dir='ltr'><strong>Athenas</strong></span> <span class='ocrx_word' id='word_1_180' title='bbox 408 2405 542 2470; x_wconf 89' lang='lat' dir='ltr'><strong>missum</strong></span> <span class='ocrx_word' id='word_1_181' title='bbox 561 2427 629 2480; x_wconf 83' lang='lat' dir='ltr'><strong>esse</strong></span> <span class='ocrx_word' id='word_1_182' title='bbox 651 2406 811 2470; x_wconf 88' lang='lat' dir='ltr'><strong>Diodorus</strong></span> <span class='ocrx_word' id='word_1_183' title='bbox 834 2405 960 2469; x_wconf 88' lang='lat' dir='ltr'><strong>Siculus</strong></span> <span class='ocrx_word' id='word_1_184' title='bbox 975 2403 1062 2488; x_wconf 84' lang='grc' dir='ltr'><strong>(ΧΗ,</strong></span> <span class='ocrx_word' id='word_1_185' title='bbox 1085 2406 1139 2489; x_wconf 87' lang='lat'><strong>53)</strong></span> <span class='ocrx_word' id='word_1_186' title='bbox 1152 2406 1175 2490; x_wconf 92' lang='lat'><strong>¹)</strong></span> <span class='ocrx_word' id='word_1_187' title='bbox 1194 2405 1367 2470; x_wconf 89' lang='lat' dir='ltr'><strong>memoriae</strong></span> 
     </span>
     <span class='ocr_line' id='line_1_22' title="bbox 241 2503 1365 2590; baseline 0.004 -23"><span class='ocrx_word' id='word_1_188' title='bbox 241 2504 348 2568; x_wconf 84' lang='lat' dir='ltr'><strong>tradit.</strong></span> <span class='ocrx_word' id='word_1_189' title='bbox 380 2503 469 2568; x_wconf 90' lang='lat' dir='ltr'><strong>Idem</strong></span> <span class='ocrx_word' id='word_1_190' title='bbox 483 2505 550 2584; x_wconf 80' lang='lat' dir='ltr'><strong>fere</strong></span> <span class='ocrx_word' id='word_1_191' title='bbox 561 2507 716 2589; x_wconf 88' lang='lat' dir='ltr'><strong>scripturn</strong></span> <span class='ocrx_word' id='word_1_192' title='bbox 731 2505 869 2590; x_wconf 88' lang='lat' dir='ltr'><strong>legimus</strong></span> <span class='ocrx_word' id='word_1_193' title='bbox 883 2507 967 2588; x_wconf 89' lang='lat' dir='ltr'><strong>apud</strong></span> <span class='ocrx_word' id='word_1_194' title='bbox 981 2505 1150 2572; x_wconf 87' lang='lat' dir='ltr'><strong>Platonem</strong></span> <span class='ocrx_word' id='word_1_195' title='bbox 1165 2505 1277 2590; x_wconf 89' lang='lat' dir='ltr'><strong>(Hipp.</strong></span> <span class='ocrx_word' id='word_1_196' title='bbox 1292 2507 1365 2572; x_wconf 85' lang='lat' dir='ltr'><strong>mai.</strong></span> 
     </span>
     <span class='ocr_line' id='line_1_23' title="bbox 242 2605 1366 2692; baseline -0.001 -20"><span class='ocrx_word' id='word_1_197' title='bbox 242 2628 274 2689; x_wconf 91' lang='lat' dir='ltr'><strong>p.</strong></span> <span class='ocrx_word' id='word_1_198' title='bbox 311 2611 401 2685; x_wconf 72' lang='lat'><strong>282,</strong></span> <span class='ocrx_word' id='word_1_199' title='bbox 435 2607 520 2690; x_wconf 88' lang='lat' dir='ltr'><strong>apud</strong></span> <span class='ocrx_word' id='word_1_200' title='bbox 552 2607 743 2691; x_wconf 90' lang='lat' dir='ltr'><strong>Dionysium</strong></span> <span class='ocrx_word' id='word_1_201' title='bbox 775 2605 855 2691; x_wconf 74' lang='lat' dir='ltr'><strong>(iud</strong></span> <span class='ocrx_word' id='word_1_202' title='bbox 884 2606 957 2690; x_wconf 90' lang='lat' dir='ltr'><strong>Lys.</strong></span> <span class='ocrx_word' id='word_1_203' title='bbox 990 2627 1016 2671; x_wconf 90' lang='lat' dir='ltr'><strong>c.</strong></span> <span class='ocrx_word' id='word_1_204' title='bbox 1040 2617 1058 2675; x_wconf 89' lang='lat'><strong>3</strong></span> <span class='ocrx_word' id='word_1_205' title='bbox 1081 2631 1112 2692; x_wconf 91' lang='lat' dir='ltr'><strong>p.</strong></span> <span class='ocrx_word' id='word_1_206' title='bbox 1136 2608 1213 2692; x_wconf 83' lang='grc'>458)</span> <span class='ocrx_word' id='word_1_207' title='bbox 1235 2607 1366 2686; x_wconf 58' lang='lat' dir='ltr'><strong>,Pausa-</strong></span> 
     </span>
     <span class='ocr_line' id='line_1_24' title="bbox 242 2707 1367 2792; baseline 0.004 -22"><span class='ocrx_word' id='word_1_208' title='bbox 242 2707 427 2791; x_wconf 78' lang='lat' dir='ltr'><strong>niamque²)</strong></span> <span class='ocrx_word' id='word_1_209' title='bbox 459 2707 522 2787; x_wconf 87' lang='lat' dir='ltr'><strong>VI,</strong></span> <span class='ocrx_word' id='word_1_210' title='bbox 548 2717 603 2788; x_wconf 85' lang='lat'><strong>17,</strong></span> <span class='ocrx_word' id='word_1_211' title='bbox 627 2718 656 2777; x_wconf 88' lang='lat'><strong>9.</strong></span> <span class='ocrx_word' id='word_1_212' title='bbox 708 2708 809 2785; x_wconf 79' lang='lat' dir='ltr'><strong>Quem</strong></span> <span class='ocrx_word' id='word_1_213' title='bbox 844 2713 958 2792; x_wconf 87' lang='lat' dir='ltr'><strong>postea</strong></span> <span class='ocrx_word' id='word_1_214' title='bbox 986 2709 1104 2774; x_wconf 88' lang='lat' dir='ltr'><strong>iterum</strong></span> <span class='ocrx_word' id='word_1_215' title='bbox 1139 2709 1206 2774; x_wconf 83' lang='lat' dir='ltr'><strong>sire</strong></span> <span class='ocrx_word' id='word_1_216' title='bbox 1241 2709 1367 2792; x_wconf 87' lang='lat' dir='ltr'><strong>saepius</strong></span> 
     </span>
     <span class='ocr_line' id='line_1_25' title="bbox 242 2807 1367 2895; baseline 0 -23"><span class='ocrx_word' id='word_1_217' title='bbox 242 2807 388 2873; x_wconf 88' lang='lat' dir='ltr'><strong>Athenas</strong></span> <span class='ocrx_word' id='word_1_218' title='bbox 409 2810 534 2874; x_wconf 84' lang='lat' dir='ltr'><strong>venisse</strong></span> <span class='ocrx_word' id='word_1_219' title='bbox 556 2832 650 2874; x_wconf 91' lang='lat' dir='ltr'><strong>nemo</strong></span> <span class='ocrx_word' id='word_1_220' title='bbox 672 2811 810 2895; x_wconf 89' lang='lat' dir='ltr'><strong>scriptor</strong></span> <span class='ocrx_word' id='word_1_221' title='bbox 830 2810 1004 2874; x_wconf 89' lang='lat' dir='ltr'><strong>memoriae</strong></span> <span class='ocrx_word' id='word_1_222' title='bbox 1025 2810 1174 2893; x_wconf 85' lang='lat' dir='ltr'><strong>prodidit,</strong></span> <span class='ocrx_word' id='word_1_223' title='bbox 1197 2830 1301 2892; x_wconf 91' lang='lat' dir='ltr'><strong>neque</strong></span> <span class='ocrx_word' id='word_1_224' title='bbox 1328 2831 1367 2872; x_wconf 82' lang='lat' dir='ltr'><strong>ex</strong></span> 
     </span>
     <span class='ocr_line' id='line_1_26' title="bbox 242 2908 1365 2994; baseline 0.001 -21"><span class='ocrx_word' id='word_1_225' title='bbox 242 2909 318 2973; x_wconf 92' lang='lat' dir='ltr'><strong>ullis</strong></span> <span class='ocrx_word' id='word_1_226' title='bbox 339 2910 484 2994; x_wconf 85' lang='lat' dir='ltr'><strong>vestigiis</strong></span> <span class='ocrx_word' id='word_1_227' title='bbox 506 2911 638 2975; x_wconf 80' lang='lat' dir='ltr'><strong>videdur</strong></span> <span class='ocrx_word' id='word_1_228' title='bbox 666 2909 727 2975; x_wconf 92' lang='lat' dir='ltr'><strong>hoc</strong></span> <span class='ocrx_word' id='word_1_229' title='bbox 748 2909 895 2994; x_wconf 86' lang='lat' dir='ltr'><strong>intellegi</strong></span> <span class='ocrx_word' id='word_1_230' title='bbox 917 2931 1027 2992; x_wconf 90' lang='lat' dir='ltr'><strong>posse,</strong></span> <span class='ocrx_word' id='word_1_231' title='bbox 1059 2909 1121 2973; x_wconf 88' lang='lat' dir='ltr'><strong>nisi</strong></span> <span class='ocrx_word' id='word_1_232' title='bbox 1143 2930 1183 2973; x_wconf 85' lang='lat' dir='ltr'><strong>ex</strong></span> <span class='ocrx_word' id='word_1_233' title='bbox 1211 2908 1365 2974; x_wconf 88' lang='lat' dir='ltr'><strong>hocloco</strong></span> 
     </span>
    </p>
   </div>
   <div class='ocr_carea' id='block_1_4' title="bbox 243 3255 1370 3926">
    <p class='ocr_par' dir='ltr' id='par_1_4' title="bbox 243 3255 1370 3926">
     <span class='ocr_line' id='line_1_27' title="bbox 313 3255 1366 3333; baseline -0.007 -13"><span class='ocrx_word' id='word_1_234' title='bbox 313 3269 334 3330; x_wconf 77' lang='grc'><strong>1)</strong></span> <span class='ocrx_word' id='word_1_235' title='bbox 352 3265 411 3320; x_wconf 80' lang='grc' dir='ltr'><strong><em>εἰπε</em></strong></span> <span class='ocrx_word' id='word_1_236' title='bbox 438 3266 494 3320; x_wconf 83' lang='grc' dir='ltr'><strong>1οοί</strong></span> <span class='ocrx_word' id='word_1_237' title='bbox 519 3265 606 3319; x_wconf 85' lang='lat' dir='ltr'><strong>verba</strong></span> <span class='ocrx_word' id='word_1_238' title='bbox 632 3265 698 3317; x_wconf 85' lang='lat' dir='ltr'><strong>sunt</strong></span> <span class='ocrx_word' id='word_1_239' title='bbox 723 3262 807 3315; x_wconf 89' lang='lat' dir='ltr'><strong>haee:</strong></span> <span class='ocrx_word' id='word_1_240' title='bbox 838 3255 877 3312; x_wconf 76' lang='grc' dir='ltr'><strong>ἐπ’</strong></span> <span class='ocrx_word' id='word_1_241' title='bbox 904 3264 1041 3333; x_wconf 71' lang='grc' dir='ltr'><strong><em>ἄρχοντος</em></strong></span> <span class='ocrx_word' id='word_1_242' title='bbox 1064 3259 1201 3321; x_wconf 75' lang='grc' dir='ltr'><strong><em>Εὐκλέους</em></strong></span> <span class='ocrx_word' id='word_1_243' title='bbox 1219 3301 1225 3315; x_wconf 92' lang='grc'><strong>.</strong></span> <span class='ocrx_word' id='word_1_244' title='bbox 1245 3302 1251 3315; x_wconf 93' lang='grc'>,</span> <span class='ocrx_word' id='word_1_245' title='bbox 1270 3303 1276 3315; x_wconf 89' lang='grc'><em>,</em></span> <span class='ocrx_word' id='word_1_246' title='bbox 1296 3264 1366 3315; x_wconf 79' lang='grc' dir='ltr'><strong><em>κατὰ</em></strong></span> 
     </span>
     <span class='ocr_line' id='line_1_28' title="bbox 243 3341 1367 3423; baseline -0.007 -20"><span class='ocrx_word' id='word_1_247' title='bbox 243 3349 372 3403; x_wconf 79' lang='grc' dir='ltr'><strong><em>Σικελίαν</em></strong></span> <span class='ocrx_word' id='word_1_248' title='bbox 394 3353 538 3402; x_wconf 78' lang='grc' dir='ltr'><strong><em>Λεοντῖνοι</em></strong></span> <span class='ocrx_word' id='word_1_249' title='bbox 560 3346 728 3400; x_wconf 73' lang='grc' dir='ltr'><strong><em>Χαλκιδέων</em></strong></span> <span class='ocrx_word' id='word_1_250' title='bbox 753 3346 817 3413; x_wconf 61' lang='grc' dir='ltr'><strong><em>μὲν,</em></strong></span> <span class='ocrx_word' id='word_1_251' title='bbox 832 3346 907 3406; x_wconf 78' lang='grc' dir='ltr'><strong><em>ὄντες</em></strong></span> <span class='ocrx_word' id='word_1_252' title='bbox 925 3349 1049 3423; x_wconf 73' lang='grc' dir='ltr'><strong><em>ἄποικοι,</em></strong></span> <span class='ocrx_word' id='word_1_253' title='bbox 1072 3351 1217 3414; x_wconf 76' lang='grc' dir='ltr'><strong><em>συγγενεῖς</em></strong></span> <span class='ocrx_word' id='word_1_254' title='bbox 1234 3345 1267 3398; x_wconf 74' lang='grc' dir='ltr'><strong>δὲ</strong></span> <span class='ocrx_word' id='word_1_255' title='bbox 1282 3341 1367 3408; x_wconf 74' lang='grc' dir='ltr'><strong>Ἀθη·</strong></span> 
     </span>
     <span class='ocr_line' id='line_1_29' title="bbox 244 3429 1369 3507; baseline -0.003 -21"><span class='ocrx_word' id='word_1_256' title='bbox 244 3437 332 3486; x_wconf 87' lang='grc' dir='ltr'><strong><em>ναίων</em></strong></span> <span class='ocrx_word' id='word_1_257' title='bbox 349 3434 450 3503; x_wconf 71' lang='grc' dir='ltr'><strong><em>ἔτυχον</em></strong></span> <span class='ocrx_word' id='word_1_258' title='bbox 468 3435 521 3487; x_wconf 77' lang='grc' dir='ltr'><strong>ὑπὸ</strong></span> <span class='ocrx_word' id='word_1_259' title='bbox 529 3437 729 3507; x_wconf 80' lang='grc' dir='ltr'><strong><em>Συρακουσίων</em></strong></span> <span class='ocrx_word' id='word_1_260' title='bbox 746 3431 958 3500; x_wconf 83' lang='grc' dir='ltr'><strong><em>πολεμούμενοι·</em></strong></span> <span class='ocrx_word' id='word_1_261' title='bbox 975 3431 1134 3499; x_wconf 81' lang='grc' dir='ltr'><strong><em>πιεζόμενοι</em></strong></span> <span class='ocrx_word' id='word_1_262' title='bbox 1151 3429 1183 3484; x_wconf 73' lang='grc' dir='ltr'><strong>δὲ</strong></span> <span class='ocrx_word' id='word_1_263' title='bbox 1203 3433 1240 3502; x_wconf 73' lang='grc' dir='ltr'><strong><em>τῷ</em></strong></span> <span class='ocrx_word' id='word_1_264' title='bbox 1257 3431 1369 3502; x_wconf 74' lang='grc' dir='ltr'><strong><em>πολέμῳ</em></strong></span> 
     </span>
     <span class='ocr_line' id='line_1_30' title="bbox 245 3513 1368 3591; baseline -0.004 -21"><span class='ocrx_word' id='word_1_265' title='bbox 245 3520 291 3571; x_wconf 72' lang='grc' dir='ltr'><strong><em>καὶ</em></strong></span> <span class='ocrx_word' id='word_1_266' title='bbox 301 3518 351 3572; x_wconf 72' lang='grc' dir='ltr'><strong>διὰ</strong></span> <span class='ocrx_word' id='word_1_267' title='bbox 363 3517 414 3588; x_wconf 82' lang='grc' dir='ltr'><strong>τὴν</strong></span> <span class='ocrx_word' id='word_1_268' title='bbox 430 3517 573 3591; x_wconf 78' lang='grc' dir='ltr'><strong><em>ὑπεροχὴν</em></strong></span> <span class='ocrx_word' id='word_1_269' title='bbox 590 3525 646 3570; x_wconf 84' lang='grc' dir='ltr'><strong>τῶν</strong></span> <span class='ocrx_word' id='word_1_270' title='bbox 658 3520 856 3589; x_wconf 81' lang='grc' dir='ltr'><strong><em>Συρακουσίων</em></strong></span> <span class='ocrx_word' id='word_1_271' title='bbox 866 3514 1075 3575; x_wconf 74' lang='grc' dir='ltr'><strong><em>κινδυνεύοντες</em></strong></span> <span class='ocrx_word' id='word_1_272' title='bbox 1093 3513 1197 3568; x_wconf 80' lang='grc' dir='ltr'><strong><em>ἁλῶναι</em></strong></span> <span class='ocrx_word' id='word_1_273' title='bbox 1215 3516 1285 3566; x_wconf 86' lang='grc' dir='ltr'><strong><em>κατὰ</em></strong></span> <span class='ocrx_word' id='word_1_274' title='bbox 1303 3521 1368 3586; x_wconf 82' lang='grc' dir='ltr'><strong><em>κρά-</em></strong></span> 
     </span>
     <span class='ocr_line' id='line_1_31' title="bbox 244 3595 1370 3673; baseline -0.004 -19"><span class='ocrx_word' id='word_1_275' title='bbox 244 3619 296 3664; x_wconf 84' lang='grc' dir='ltr'><strong><em>τος,</em></strong></span> <span class='ocrx_word' id='word_1_276' title='bbox 316 3601 473 3672; x_wconf 74' lang='grc' dir='ltr'><strong><em>ἐξέπεμψαν</em></strong></span> <span class='ocrx_word' id='word_1_277' title='bbox 490 3606 620 3673; x_wconf 72' lang='grc' dir='ltr'><strong><em>πρέσβεις</em></strong></span> <span class='ocrx_word' id='word_1_278' title='bbox 636 3602 674 3660; x_wconf 75' lang='grc' dir='ltr'><strong>εἰς</strong></span> <span class='ocrx_word' id='word_1_279' title='bbox 691 3602 739 3660; x_wconf 80' lang='grc' dir='ltr'><strong>τὰς</strong></span> <span class='ocrx_word' id='word_1_280' title='bbox 751 3595 877 3668; x_wconf 71' lang='grc' dir='ltr'><strong><em>Ἀθήνας</em></strong></span> <span class='ocrx_word' id='word_1_281' title='bbox 894 3599 1031 3659; x_wconf 77' lang='grc' dir='ltr'><strong><em>ἀξιοῦντες</em></strong></span> <span class='ocrx_word' id='word_1_282' title='bbox 1049 3598 1096 3650; x_wconf 85' lang='grc' dir='ltr'><strong>τὸν</strong></span> <span class='ocrx_word' id='word_1_283' title='bbox 1114 3597 1208 3669; x_wconf 76' lang='grc' dir='ltr'><strong><em>δῆμον</em></strong></span> <span class='ocrx_word' id='word_1_284' title='bbox 1229 3601 1370 3669; x_wconf 73' lang='grc' dir='ltr'><strong><em>βοηθῆσαι</em></strong></span> 
     </span>
     <span class='ocr_line' id='line_1_32' title="bbox 244 3677 1369 3756; baseline -0.004 -18"><span class='ocrx_word' id='word_1_285' title='bbox 244 3685 295 3756; x_wconf 76' lang='grc' dir='ltr'><strong>τὴν</strong></span> <span class='ocrx_word' id='word_1_286' title='bbox 311 3692 444 3756; x_wconf 75' lang='grc' dir='ltr'><strong><em>ταχίστην</em></strong></span> <span class='ocrx_word' id='word_1_287' title='bbox 462 3688 508 3742; x_wconf 79' lang='grc' dir='ltr'><strong>καλ</strong></span> <span class='ocrx_word' id='word_1_288' title='bbox 525 3686 575 3756; x_wconf 86' lang='grc' dir='ltr'><strong>τὴν</strong></span> <span class='ocrx_word' id='word_1_289' title='bbox 592 3685 673 3738; x_wconf 88' lang='grc' dir='ltr'><strong><em>πόλιν</em></strong></span> <span class='ocrx_word' id='word_1_290' title='bbox 698 3684 802 3737; x_wconf 81' lang='grc' dir='ltr'><strong><em>ἑαυτῶν</em></strong></span> <span class='ocrx_word' id='word_1_291' title='bbox 820 3682 851 3736; x_wconf 86' lang='grc' dir='ltr'><strong>εἰι</strong></span> <span class='ocrx_word' id='word_1_292' title='bbox 868 3691 922 3735; x_wconf 86' lang='grc' dir='ltr'><strong>τῶν</strong></span> <span class='ocrx_word' id='word_1_293' title='bbox 940 3682 1081 3736; x_wconf 76' lang='grc' dir='ltr'><strong><em>κινδύνων</em></strong></span> <span class='ocrx_word' id='word_1_294' title='bbox 1099 3679 1255 3750; x_wconf 75' lang='grc' dir='ltr'><strong><em>ῥύσασθαι·</em></strong></span> <span class='ocrx_word' id='word_1_295' title='bbox 1283 3677 1319 3750; x_wconf 78' lang='grc' dir='ltr'><strong>ἦν</strong></span> <span class='ocrx_word' id='word_1_296' title='bbox 1337 3681 1369 3734; x_wconf 78' lang='grc' dir='ltr'><strong>δὲ</strong></span> 
     </span>
     <span class='ocr_line' id='line_1_33' title="bbox 244 3764 1368 3840; baseline -0.004 -20"><span class='ocrx_word' id='word_1_297' title='bbox 244 3777 299 3822; x_wconf 79' lang='grc' dir='ltr'><strong>τῶν</strong></span> <span class='ocrx_word' id='word_1_298' title='bbox 317 3769 529 3836; x_wconf 74' lang='grc' dir='ltr'><strong><em>ἀπεσταλμένων</em></strong></span> <span class='ocrx_word' id='word_1_299' title='bbox 549 3767 948 3840; x_wconf 77' lang='grc' dir='ltr'><strong><em>ἅρχιπρεσβευτὴςΓοργίας</em></strong></span> <span class='ocrx_word' id='word_1_300' title='bbox 965 3767 979 3818; x_wconf 84' lang='grc' dir='ltr'>ὁ</span> <span class='ocrx_word' id='word_1_301' title='bbox 998 3765 1112 3838; x_wconf 80' lang='grc' dir='ltr'><strong><em>ῥήτωρ</em></strong></span> <span class='ocrx_word' id='word_1_302' title='bbox 1131 3764 1269 3831; x_wconf 76' lang='grc' dir='ltr'><strong><em>δεινότητι</em></strong></span> <span class='ocrx_word' id='word_1_303' title='bbox 1285 3765 1368 3834; x_wconf 80' lang='grc' dir='ltr'><strong><em>λόγου</em></strong></span> 
     </span>
     <span class='ocr_line' id='line_1_34' title="bbox 244 3847 866 3926; baseline 0 -22"><span class='ocrx_word' id='word_1_304' title='bbox 244 3852 314 3905; x_wconf 75' lang='grc' dir='ltr'><strong><em>πολι)</em></strong></span> <span class='ocrx_word' id='word_1_305' title='bbox 331 3857 461 3926; x_wconf 79' lang='grc' dir='ltr'><strong><em>προέχων</em></strong></span> <span class='ocrx_word' id='word_1_306' title='bbox 478 3858 590 3905; x_wconf 82' lang='grc' dir='ltr'><strong><em>πάντων</em></strong></span> <span class='ocrx_word' id='word_1_307' title='bbox 607 3859 662 3905; x_wconf 84' lang='grc' dir='ltr'><strong>τῶν</strong></span> <span class='ocrx_word' id='word_1_308' title='bbox 681 3847 744 3905; x_wconf 74' lang='grc' dir='ltr'><strong><em>καθ’</em></strong></span> <span class='ocrx_word' id='word_1_309' title='bbox 761 3852 866 3904; x_wconf 80' lang='grc' dir='ltr'><strong><em>ἑαυτόν.</em></strong></span> 
     </span>
    </p>
   </div>
   <div class='ocr_carea' id='block_1_5' title="bbox 330 3967 1010 4123">
    <p class='ocr_par' dir='ltr' id='par_1_5' title="bbox 330 3967 1010 4123">
     <span class='ocr_line' id='line_1_35' title="bbox 330 3967 1010 4038; baseline -0.003 -16"><span class='ocrx_word' id='word_1_310' title='bbox 330 3972 352 4038; x_wconf 78' lang='grc' dir='ltr'><strong>ε)</strong></span> <span class='ocrx_word' id='word_1_311' title='bbox 370 3971 419 4026; x_wconf 84' lang='lat' dir='ltr'><strong>cfr.</strong></span> <span class='ocrx_word' id='word_1_312' title='bbox 436 3967 537 4036; x_wconf 80' lang='lat' dir='ltr'><strong>Foss,</strong></span> <span class='ocrx_word' id='word_1_313' title='bbox 556 3971 591 4024; x_wconf 89' lang='lat' dir='ltr'><strong>de</strong></span> <span class='ocrx_word' id='word_1_314' title='bbox 609 3970 715 4037; x_wconf 86' lang='lat' dir='ltr'><strong>Gorgia</strong></span> <span class='ocrx_word' id='word_1_315' title='bbox 734 3968 831 4023; x_wconf 77' lang='lat' dir='ltr'><strong>Leoni.</strong></span> <span class='ocrx_word' id='word_1_316' title='bbox 850 3987 876 4037; x_wconf 88' lang='lat' dir='ltr'><strong>p.</strong></span> <span class='ocrx_word' id='word_1_317' title='bbox 893 3969 931 4022; x_wconf 84' lang='lat'><strong>18.</strong></span> <span class='ocrx_word' id='word_1_318' title='bbox 950 3985 1010 4038; x_wconf 91' lang='lat' dir='ltr'><strong>sqq.</strong></span> 
     </span>
     <span class='ocr_line' id='line_1_36' title="bbox 365 4054 770 4123; baseline -0.002 -16"><span class='ocrx_word' id='word_1_319' title='bbox 365 4055 477 4109; x_wconf 85' lang='lat' dir='ltr'><strong>Blase.</strong></span> <span class='ocrx_word' id='word_1_320' title='bbox 492 4055 510 4108; x_wconf 92' lang='lat' dir='ltr'><strong>l.</strong></span> <span class='ocrx_word' id='word_1_321' title='bbox 529 4055 548 4109; x_wconf 89' lang='lat' dir='ltr'><strong>l.</strong></span> <span class='ocrx_word' id='word_1_322' title='bbox 566 4055 587 4108; x_wconf 94' lang='lat' dir='ltr'><strong>I.</strong></span> <span class='ocrx_word' id='word_1_323' title='bbox 605 4073 631 4123; x_wconf 94' lang='lat' dir='ltr'><strong>p.</strong></span> <span class='ocrx_word' id='word_1_324' title='bbox 649 4054 690 4108; x_wconf 83' lang='lat'><strong>46.</strong></span> <span class='ocrx_word' id='word_1_325' title='bbox 709 4071 770 4122; x_wconf 90' lang='lat' dir='ltr'><strong>sqq.</strong></span> 
     </span>
    </p>
   </div>
   <div class='ocr_carea' id='block_1_6' title="bbox 0 0 1591 4752">
    <p class='ocr_par' dir='ltr' id='par_1_6' title="bbox 0 0 1591 4752">
     <span class='ocr_line' id='line_1_37' title="bbox 0 0 1591 4752; baseline 0 0"><span class='ocrx_word' id='word_1_326' title='bbox 0 0 1591 4752; x_wconf 95' lang='lat' dir='ltr'><strong> </strong></span> 
     </span>
    </p>
   </div>
  </div>
 </body>
</html>
