3158 4752
718 311 929 385 ..34-

260 483 382 578 Quibus
412 499 517 566 verbis
540 499 732 567 Aristoteles
763 499 843 568 mihi
865 501 1006 583 videtur,
1034 500 1105 570 cuni
1137 505 1208 570 1111
1242 487 1380 592 ,πρώτη1

260 606 430 670 continuo:
467 607 614 682 ,1111111
649 607 831 690 opponitur,
860 607 964 671 dicere
984 607 1067 671 velle
1090 608 1209 672 multos
1231 598 1385 692 prioris

259 709 415 772 aetatis
451 711 595 771 oratores
626 707 692 771 1111
723 708 831 791 potius
863 707 1017 773 orationis
1048 709 1171 774 solutae
1203 705 1383 793 scriptores,

257 812 292 874 in
314 811 430 894 quibus
451 807 620 894 Gorgiam,
644 831 717 873 oum
746 810 770 873 ii
799 811 931 874 eandem
957 811 1110 896 gloriam,
1143 833 1239 895 quam
1269 817 1384 895 poetae

259 914 404 978 oratione
435 933 492 975 sua
515 912 576 975 sibi
598 912 763 996 acquirere
785 911 920 991 vellent,
944 913 1042 978 nimia
1064 914 1188 998 gloriae
1210 915 1383 998 cupiditate

257 1017 403 1079 incensos
426 1014 604 1078 orationem
626 1017 795 1097 poetarum
813 1014 950 1078 similem
964 1035 1143 1098 usurpasse,
1159 1037 1241 1099 quae
1255 1017 1384 1099 quidem

257 1117 399 1181 edoctis
422 1137 516 1180 suae
540 1115 692 1178 aetatis
716 1135 779 1179 non
801 1115 866 1182 iam
888 1114 1105 1198 usurparetur.
1150 1117 1200 1180 Ex
1219 1137 1257 1181 eo
1276 1115 1383 1180 autem

256 1236 405 1296 numero,
444 1217 498 1300 qui
532 1220 600 1279 tum
632 1216 759 1299 poetica
791 1219 823 1280 et
854 1215 924 1282 ldeo
953 1215 1071 1302 frigida
1101 1217 1226 1281 (11111111
1258 1219 1383 1282 ratione

255 1322 305 1385 usi
337 1323 443 1396 erant,
476 1322 508 1382 et
539 1339 619 1401 quos
648 1315 767 1381 multos
790 1318 983 1382 Aristoteles
1012 1319 1151 1404 exempli
1173 1322 1268 1383 causa
1291 1316 1381 1403 (οἷον)

256 1441 506 1486 commemorare
533 1422 675 1501 poterat,
706 1418 767 1483 hoc
798 1419 870 1484 loco
892 1441 991 1483 unum
1014 1417 1206 1506 Gorgiam
1227 1421 1381 1499 nominat,

256 1545 328 1587 cum
359 1522 423 1585 alio
454 1521 525 1583 loco
557 1519 626 1604 (lib.
642 1517 712 1598 ἹΠ,
748 1542 773 1584 c.
800 1530 827 1588 3.
851 1545 882 1604 p.
908 1524 1107 1604 186-189),
1141 1543 1204 1605 quo
1236 1522 1382 1586 nominat

227 1682 230 1688 .
256 1624 436 1707 complures
458 1641 498 1684 ex
520 1621 569 1698 iis,
604 1622 659 1704 qui
680 1621 738 1684 illa
759 1623 883 1685 dicendi
905 1623 1029 1686 ratione
1051 1623 1178 1706 poetica
1200 1623 1381 1701 utebantur,

255 1711 457 1810 lycophron,
481 1723 611 1806 ignotus
634 1722 794 1804 sophistes
819 1727 851 1785 et
868 1721 1052 1788 Alcidamas
1066 1743 1130 1786 una
1144 1743 1216 1786 cum
1228 1721 1380 1807 Gorgia)

254 1825 393 1910 exempli
416 1844 510 1888 causa
533 1827 702 1906 ponantur.
749 1823 837 1898 Quae
860 1845 932 1886 cum
953 1824 999 1886 ita
1021 1824 1094 1901 sint,
1113 1823 1266 1908 Gorgiam
1279 1843 1381 1908 genus

255 1929 409 1994 orationis
440 1924 644 1988 artificiosae
661 1928 693 1987 et
724 1929 893 2006 poetarum
924 1925 1037 1988 similis
1068 1925 1226 1990 invenisse
1258 1947 1297 1988 ex
1318 1925 1380 1989 hoc

252 2031 325 2094 loco
356 2028 466 2112 colligi
494 2029 587 2108 nego.
638 2024 752 2108 Neque
782 2027 847 2090 alio
870 2019 951 2090 'loco
983 2027 1060 2090 artis
1092 2027 1271 2090 rhetoricae
1300 2026 1379 2089 haec

254 2112 445 2195 Aristoteles
468 2128 572 2191 dicere
593 2127 674 2190 mihi
698 2127 831 2192 videtur.

337 2237 543 2313 Susemihl
567 2240 704 2328 quidem,
729 2239 839 2328 quiet
862 2242 894 2309 in
917 2245 1001 2310 Arm.
1023 2245 1136 2330 philol.
1149 2241 1248 2310 GXV.
1265 2246 1377 2330 (1877)

253 2341 488 2458 etnu'perriirie
520 2348 554 2409 in
577 2348 754 2454 quaestion,
783 2347 905 2464 epicrit.
937 2343 1171 2431 Gryphiswald.
1205 2346 1316 2430 (138l)
1340 2349 1377 2410 (11

252 2443 372 2556 Gorgia
400 2441 592 2534 disputavit,
625 2445 664 2512 11
687 2471 724 2514 eo
747 2455 804 2533 pot
806 2451 959 2528 issimum,
983 2452 1068 2533 qnod
1090 2453 1181 2532 praet
1183 2447 1217 2512 e'r
1239 2447 1377 2534 Gorgiae
1434 2483 1438 2488 ·

251 2539 537 2640 Epitaphium
534 2546 559 2632 ²)
583 2547 692 2613 nullus
714 2551 765 2614 vel
787 2573 829 2633 po
830 2551 894 2614 tius
918 2545 1057 2615 nullus
1081 2551 1168 2614 fere
1192 2542 1273 2614 alius
1295 2547 1378 2612 liber

250 2709 455 2720 ρ’...-

249 2811 368 2895 wurile
395 2839 455 2894 der
482 2809 716 2934 spraohliche
735 2827 921 2894 husdruck
939 2839 985 2906 (sc.
1004 2836 1235 2909 derprosaische)
1254 2841 1376 2893 zuerst

250 2920 882 3024 11111111111111,11111.1111τά11
903 2924 1086 2991 Gorgiasf‘

338 3045 358 3108 1)
377 3045 429 3096 art.
438 3042 512 3100 rhet
514 3059 551 3096 or
570 3042 618 3107 ΙΙΙ,
637 3042 661 3095 3
679 3043 873 3112 p.186:„va
898 3039 931 3094 δὲ
918 3041 1046 3114 raama
1064 3039 1093 3093 ἓν
1109 3045 1235 3112 τέτταρσι
1251 3046 1376 3110 γίγνεται

251 3130 319 3183 κατὰ
339 3144 390 3195 την
407 3127 493 3186 λέξιν
512 3127 541 3178 ἔν
555 3143 583 3180 τε
601 3132 656 3188 τοῖς
676 3126 786 3186 διπλοῖς
802 3126 952 3195 crepacore
978 3119 1037 3178 οιον
1054 3129 1249 3197 Λυκοφρων
1268 3165 1374 3179 .....

249 3213 296 3263 καὶ
314 3211 350 3272 ὡς
369 3201 525 3283 Γοργίας
542 3209 690 3280 ὠνόμαζε,
694 3211 903 3279 ,πτωχόμοοσος
920 3209 1042 3268 κόλαξ“
1114 3209 1184 3262 ,καὶ
1203 3208 1239 3269 ὡς
1252 3205 1375 3261 ’-Αλκι

248 3292 392 3364 δάμας’*
412 3292 463 3350 nt.

335 3415 357 3482 ²)
375 3415 450 3470 Illud
474 3414 667 3484 fragmentum
692 3390 817 3472 lunebris
845 3413 966 3482 Gorgiae
985 3412 1120 3467 orationis
1139 3414 1313 3466 asservatum
1332 3415 1374 3466 est

248 3520 265 3556 a
293 3499 445 3554 scholiasta
475 3498 651 3567 „Anonymo“
680 3498 874 3568 Hermogenis,
902 3498 956 3552 vid.
982 3497 1111 3568 Spengel.
1129 3516 1155 3566 p.
1179 3497 1218 3552 78.
1244 3499 1273 3552 11
1300 3496 1373 3551 Foss.

211 3659 215 3666 .
246 3605 273 3655 p.
292 3585 333 3639 69.

423 3665 471 3719 cfr.
486 3665 573 3718 Blass.
593 3665 645 3732 lp.
656 3665 697 3718 55.
716 3663 763 3725 (ad
776 3665 909 3719 Philostr.
929 3664 1024 3718 adnot.
1043 3665 1077 3734 3.)
1099 3667 1127 3732 ,ὁ
1143 3663 1324 3731 causariam,
1342 3667 1374 3716 δν
1456 3689 1460 3700 ι

368 3743 654 3822 διῆλθενἎθήνησιν,
669 3751 773 3819 εἴρηται
786 3748 838 3818 μέν
852 3747 894 3800 ἐπὶ
909 3753 965 3808 τοῖς
979 3745 1009 3800 ἔκ
1023 3756 1078 3801 τῶν
1091 3751 1220 3817 πολέμων
1232 3753 1373 3814 πεσοῦσιν,

369 3833 415 3894 οὓς
436 3831 587 3899 Ἀθηναῖοι
612 3832 735 3904 δημοσίᾳ
760 3833 809 3892 ξὺν
835 3833 958 3894 ἐπαίνοις
987 3835 1121 3902 ἔθαψαν,“
1160 3834 1232 3888 Illud
1252 3832 1373 3900 Gorgiae

364 3921 500 3988 scriptum
525 3911 598 3973 inter
626 3937 713 3973 annos
739 3919 790 3972 426
809 3923 838 3973 et
855 3919 906 3974 420
933 3921 1026 3974 ortum
1054 3937 1112 3975 esse
1131 3917 1314 3974 Susemihl
1343 3919 1373 3970 in

364 4003 466 4058 Annal.
493 4003 600 4072 philol,
632 4019 705 4058 anno
732 4001 789 4058 fere
808 4001 859 4058 420
876 4003 995 4058 Athenis
1022 4003 1052 4056 in
1079 4005 1234 4072 quaestion.
1263 4001 1370 4072 epicrit.

363 4089 400 4158 (p.
420 4077 491 4154 XX.)
509 4085 636 4143 coniecit.
