3158 4752
701 279 911 340 ..26-

245 461 399 542 Ἆυτιφῶν.
422 461 454 522 et
473 481 504 542 p.
528 465 567 526 53
588 457 707 521 ibidem
720 455 738 534 ὅ
750 462 788 537 γε’
797 481 843 518 τοι
861 455 1049 518 Θουκυδίδου
1067 456 1157 532 λέξις,
1176 460 1228 516 καὶ
1248 453 1355 532 illm

248 561 524 643 φῶυτος-καλῶς
532 563 587 638 μὲν
596 559 760 638 σύγκειται.
797 556 849 620 Ex
858 556 1087 622 recentioribus
1100 553 1371 639 primusMaetz-

247 683 331 739 ner,
348 664 502 744 quantum
525 659 601 738 scio,
614 658 724 722 multis
739 657 819 722 locis
832 658 1056 722 struendorum
1078 658 1248 722 verborum
1270 657 1370 721 ratio-

247 785 321 827 nem
343 763 377 826 in
398 761 598 845 Antiphonte
621 763 654 824 et
675 759 859 844 Thucydide
878 760 1011 823 eundem
1031 759 1176 843 reperiri,
1199 757 1373 834 formulas-⁸

248 867 367 948 quaet
398 885 490 930 voces
523 861 694 926 nonnullas
716 861 911 945 Antiphonti
932 883 1004 925 cum
1022 860 1207 944 Thucydide
1229 881 1371 924 commu·

248 987 304 1030 nes
334 987 403 1030 esse
434 963 561 1048 aperuit
574 964 597 1046 ¹)
628 966 661 1026 et
690 961 724 1025 in
746 963 981 1026 commentariis
1010 962 1075 1026 suis
1097 961 1213 1024 docuit.
1257 959 1372 1044 Neque

247 1067 349 1130 multo
384 1071 458 1150 post
491 1066 621 1130 uberius
649 1065 687 1128 de
717 1086 755 1128 ea
782 1087 817 1128 re
839 1065 1081 1147 disputaverunt
1112 1061 1301 1146 complures,
1336 1065 1373 1125 ut

248 1166 329 1232 Otfr.
352 1167 544 1249 Muller‚²)
568 1164 739 1250 Blass‚³)
762 1165 911 1249 Both‚⁴)
934 1165 1087 1248 Jebb⁵)‚
1110 1165 1258 1248 aquibus
1276 1162 1372 1226 Anti·
1408 1207 1412 1213 -

248 1268 425 1352 phontcum
446 1289 548 1352 genus
570 1265 730 1349 dIcendil)
755 1287 828 1328 cum
850 1265 1084 1350 Thucydideo&
1116 1269 1263 1354 accurate
1286 1263 1372 1328 dom-

248 1374 389 1454 paratur.
435 1368 497 1444 Qui
518 1369 658 1452 primum
687 1369 771 1451 apud
801 1371 973 1450 utrumque
1001 1389 1067 1430 non
1089 1367 1193 1431 solum
1214 1365 1372 1430 vocabula

248 1472 352 1554 prisca
376 1473 408 1534 et
429 1469 555 1554 poetica
576 1469 731 1546 inveniri,
754 1469 809 1532 sed
832 1468 928 1531 etiam
951 1468 990 1530 ab
1013 1472 1150 1551 utroque
1172 1467 1267 1550 plane
1289 1489 1372 1531 nova
1444 1495 1451 1500 ·

248 1572 380 1636 formari
402 1575 458 1634 aut
480 1571 597 1634 usitata
618 1571 710 1635 novis
724 1570 909 1634 notionibus
922 1569 1038 1632 instrui
1055 1573 1237 1646 senserunt;
1260 1569 1372 1632 deinde

248 1678 419 1756 utrumque
454 1673 486 1735 id
519 1673 638 1756 egisse,
671 1676 708 1735 ut
738 1693 830 1735 sensa
860 1672 976 1735 mentis
1008 1693 1104 1754 quam
1135 1671 1372 1736 accuratissime

249 1779 282 1838 et
313 1774 477 1857 aptissime
509 1773 702 1856 explicaret:
735 1795 829 1857 saepe
860 1777 1031 1856 utrumque
1061 1773 1158 1836 etiam
1193 1773 1250 1836 illa
1284 1773 1389 1856 ἀκρι-’

248 1873 411 1959 βολογίαθ)
449 1875 514 1957 (ἐπὶ
545 1883 606 1948 τοῖς
635 1875 792 1958 ὀνόμασιν)
819 1896 912 1939 usum
944 1896 1027 1952 esse,
1064 1880 1095 1938 et
1126 1875 1373 1938 concinnitatem

250 1975 404 2040 orationis
426 1975 531 2038 minus
549 1975 589 2038 ab
612 1978 748 2058 utroque
772 1975 946 2059 spectaril)
976 1997 1072 2058 quam
1094 1975 1280 2059 diligentem
1303 1996 1374 2037 sen-

335 2163 356 2230 1)
374 2161 422 2215 cfr.
440 2160 528 2230 praef.
546 2179 573 2229 p.
591 2160 659 2214 VIII
676 2160 730 2228 (ed.
749 2178 802 2215 orr.
822 2162 880 2216 XV.
898 2161 1026 2231 Antiph.)

334 2249 355 2314 2)
374 2246 404 2300 Ο.
425 2245 567 2300 Miiller.
588 2245 697 2300 Griech.
717 2245 952 2314 hiteraturgesch.
971 2246 1005 2311 Π,
1031 2261 1053 2298 c.
1071 2244 1113 2298 33.
1131 2242 1167 2312 lp.
1186 2243 1333 2310 305-313)
1351 2259 1373 2296 c.

250 2332 285 2386 34
302 2331 338 2401 (p.
356 2331 511 2392 334-339.)
537 2331 579 2386 ed.
598 2331 687 2386 Heitz.
709 2331 781 2386 1876.

333 2420 355 2484 Β)
374 2417 488 2471 Blass.
515 2416 537 2471 I.
554 2434 582 2484 p.
604 2415 745 2469 113—136.
765 2419 838 2484 etp.
860 2416 1001 2471 lat—226.

334 2503 356 2568 ⁴)
374 2501 482 2565 Both,
510 2499 544 2554 de
569 2498 754 2567 Antiphontis
781 2502 810 2553 et
828 2498 914 2553 Thuc.
932 2516 1034 2568 genere
1052 2499 1164 2555 dicendi
1182 2499 1289 2554 dissert.
1309 2499 1374 2554 1875

249 2585 393 2653 Marburg.

334 2671 356 2733 δ)
374 2667 473 2732 Jebh,
492 2666 534 2722 de.
553 2668 702 2722 ornThuc.
724 2667 798 2723 1883.
816 2688 843 2738 p.
861 2669 903 2723 48.
922 2687 983 2738 sqq.

335 2756 358 2820 ⁶)
375 2751 545 2821 ignatius,
557 2752 591 2808 de
598 2753 782 2823 Antiphontis
788 2755 957 2809 Rhamnusii
966 2754 1131 2810 elocutione.
1141 2752 1206 2808 diss.
1214 2752 1290 2807 Gott.
1301 2751 1374 2807 1882.

335 2841 357 2907 ἲ)
374 2835 569 2902 Panniclra
588 2837 696 2892 dissert.
708 2838 798 2893 Berol.
811 2839 884 2894 1867.
903 2839 1060 2896 deaustera
1069 2838 1154 2892 Thno.
1165 2837 1374 2907 compositione.

250 2923 299 2976 cfr.
317 2923 413 2990 Poppo
431 2921 486 2989 lp.
503 2921 646 2975 aur-277.
665 2924 695 2976 et
712 2921 827 2978 Classen
844 2941 870 2992 p.
889 2922 990 2976 LXXX
1007 2941 1067 2992 sqq.

335 3008 357 3074 8)
375 3005 424 3059 cfr.
443 3004 598 3059 Marcellin.
617 3005 633 3071 ἓ
650 3005 692 3060 36.
950 3071 955 3080 .

336 3093 359 3158 9)
377 3090 455 3145 Idem
481 3107 539 3144 non
567 3090 666 3145 eodem
695 3089 778 3144 modo
806 3090 843 3144 ab
860 3092 980 3159 utroque
998 3091 1071 3146 effici
1088 3093 1306 3146 consentaneum
1324 3092 1374 3145 est.

229 3232 235 3245 ,
252 3175 294 3230 De
313 3174 482 3239 discrimine,
502 3174 577 3242 quod
596 3175 651 3228 hac
668 3174 699 3228 in
715 3191 746 3230 re
763 3174 838 3229 inter
855 3173 1049 3244 Thucydidem
1063 3178 1093 3230 et
1109 3173 1316 3244 Antiphontem
1333 3175 1375 3229 in·

250 3258 378 3325 tercedit,
395 3258 483 3312 iidem
502 3258 698 3314 disseruerunt.

369 3343 417 3396 cfr.
436 3343 518 3398 Both.
536 3361 562 3412 p.
580 3343 614 3398 41
632 3361 692 3412 sqq.

370 3428 418 3482 cfr.
437 3426 507 3482 Otfr.
525 3428 634 3483 Miller.
652 3428 687 3482 H.
705 3446 732 3498 p.
750 3428 808 3483 335.

370 3513 418 3566 cfr.
437 3511 590 3567 Lehmann.
610 3513 725 3568 Putbus.
743 3531 835 3584 progr.
856 3514 929 3570 1876.
947 3533 974 3584 p.
995 3516 1102 3570 15-17.

371 3595 420 3650 cfr.
430 3595 510 3661 Jehb,
525 3595 575 3663 qui
592 3614 618 3665 p.
637 3596 672 3650 48
689 3598 716 3651 h.
731 3598 749 3652 l.
769 3598 865 3667 paucis
883 3598 953 3654 haec
971 3598 1054 3652 dicit:
1072 3598 1265 3654 Andererseits
1274 3597 1376 3654 weicht

458 3679 503 3734 die
521 3679 793 3750 Darstellungsform
821 3682 869 3737 des
887 3682 1068 3751 Thukydides
1094 3684 1126 3738 in
1151 3682 1307 3738 dreitacher
1324 3683 1376 3737 Be·

457 3763 579 3833 ziehung
596 3782 652 3819 von
671 3765 720 3821 der
745 3765 793 3820 des
810 3767 956 3836 Antiphon
974 3767 1018 3822 ab.
1054 3768 1168 3824 ertons
1194 3769 1246 3822 hat
1262 3767 1376 3836 Thuky·

456 3848 535 3903 didos
553 3849 616 3904 eine
633 3853 792 3919 pregnante
802 3850 900 3917 Kurra,
917 3851 971 3906 wie
988 3851 1028 3906 sie
1045 3852 1076 3905 in
1093 3853 1217 3924 solchem
1227 3853 1319 3908 Messe
1331 3851 1377 3906 ihr

457 3934 539 3990 einen
564 3934 748 4010 praktisohen
773 3935 884 3990 Redner
909 3935 990 3990 nicht
1016 3938 1141 4007 meglich
1165 3955 1292 4008 genesen
1317 3937 1377 3992 seiu

457 4019 560 4087 winde,
569 4019 607 4074 da
615 4019 683 4075 hein
695 4020 904 4089 gewohnlioher
912 4021 1034 4078 Zuhssrer
1042 4022 1097 4078 den
1105 4021 1174 4077 Sinn
1184 4023 1376 4080 vollkomrnen
