3158 4752
668 314 879 376 ,19-

210 492 297 556 nichi
320 495 352 555 et
375 491 443 554 eius
466 493 626 556 sociorum
644 491 732 556 velut
754 491 928 571 Peisandri,
953 491 1117 570 Alexiclia
1142 515 1221 577 quos
1239 493 1338 578 paulo

65 611 83 638 ·
209 597 284 676 post
302 596 341 676 (c.
366 595 421 674 98)
436 593 607 657 Deceleam
618 594 682 656 sibi
705 594 834 676 suisque
848 595 943 658 rebus
962 593 1111 658 timentes
1125 616 1222 678 quarn
1236 595 1337 660 celer·

209 695 289 758 rime
310 695 436 778 higisse
458 699 576 771 narrat,
600 716 665 758 non
680 695 899 778 Antiphontis,
923 716 996 758 cum
1009 696 1037 762 is
1060 717 1136 759 suae
1150 696 1248 760 saluti
1260 717 1337 780 pro·

208 796 331 878 spicere
354 819 420 862 non
442 798 608 861 studuerit.
653 796 766 880 Itaque
801 819 877 861 vera
910 819 979 861 esse
1010 797 1090 861 mihi
1124 797 1272 864 videntur
1306 804 1339 863 et

208 897 320 975 multa,
346 919 427 982 quae
441 897 586 962 Blassius
600 900 667 981 (pp.
683 908 733 966 89.
750 899 804 980 90)
819 900 992 962 secundum
1016 898 1248 982 Antiphontem
1272 901 1337 964 dis·

208 999 334 1082 putavit
357 1004 388 1064 et
411 999 473 1063 hcc
508 999 684 1082 imprimis:
725 1000 814 1076 „dass
850 999 931 1063 auch
966 1000 1037 1064 hier
1071 1001 1122 1064 die
1143 1001 1337 1064 verhitltnis-

208 1100 329 1184 misaig
338 1100 457 1164 Besten
470 1102 535 1164 und
548 1101 828 1166 Flhrenwertesten
841 1101 894 1165 dir
906 1101 958 1166 die
973 1100 1100 1165 Sdnden
1114 1101 1202 1165 ihrer
1215 1101 1336 1166 nichte-

208 1201 374 1285 wurdigen
387 1201 550 1266 Genossen
573 1203 633 1265 mit
650 1203 783 1287 gebdsst
804 1203 937 1267 hahen.“
985 1201 1130 1286 Scriptor
1143 1208 1251 1268 autem
1264 1225 1336 1268 cum

208 1301 276 1384 ipse
299 1303 413 1366 reticet
434 1307 531 1386 atque
553 1303 615 1368 hoc
638 1303 708 1386 ipso
731 1303 803 1366 loco
826 1301 929 1385 (VIII,
954 1313 1004 1372 68.
1025 1305 1067 1387 2),
1091 1326 1155 1388 quo
1177 1304 1265 1370 illius
1283 1327 1336 1370 ac-

209 1404 381 1468 cusationis
416 1408 472 1466 aut
506 1405 720 1468 damnationis
750 1405 947 1470 mentionem
979 1405 1085 1470 facere
1119 1410 1248 1489 poterat
1269 1406 1336 1471 sive

207 1505 353 1583 debebat,
376 1505 454 1569 dicit
471 1506 551 1570 haee
573 1507 686 1571 verba:
720 1509 898 1584 ,αἰτιαθεὶς
920 1506 962 1582 ὥς
984 1509 1210 1587 ξυγκατέστησε,
1238 1510 1335 1570 θανά-

208 1631 258 1668 του
280 1606 367 1684 δίκην
392 1607 686 1686 ἀπολογησάμενος“,
723 1607 783 1671 sibi
813 1628 1002 1690 persuasum
1038 1630 1107 1674 esse
1142 1610 1337 1694 Antiphonti

208 1707 298 1770 nulla
321 1708 456 1772 consilia
477 1709 601 1792 patriae
637 1709 817 1792 prodendae
841 1730 981 1792 uuquam
1017 1709 1116 1774 fuisse
1147 1711 1215 1775 sine
1237 1711 1335 1775 dubio

207 1809 320 1874 docere
342 1809 477 1873 videtur.
521 1809 636 1894 ltaque
658 1811 756 1874 etiam
778 1811 820 1888 id,
844 1811 929 1894 quod
951 1810 984 1873 in
1007 1810 1196 1893 proditionis
1215 1812 1336 1875 crimen

206 1910 299 1974 illum
322 1914 472 1974 vocatum
493 1911 671 1995 capitisque
699 1912 885 1976 damnatum
916 1933 985 1975 esse
1020 1913 1159 1990 tradunt,
1189 1934 1248 1976 nos
1270 1933 1336 1976 non

207 2013 349 2096 impedit,
372 2013 544 2096 quominus
566 2013 757 2096 scriptorem
777 2035 856 2078 voce
879 2013 969 2098 ἀρετή
987 2013 1216 2078 liberalitatem
1233 2013 1335 2098 signi-

205 2114 317 2180 ficasse
339 2135 534 2180 censeamus.

240 2404 324 2507 Quid
351 2407 400 2484 sit
427 2405 514 2506 qood
540 2407 695 2504 scriptor
722 2405 960 2503 Antiphontem
986 2404 1116 2484 tatibus
1144 2403 1301 2484 halitus

702 2541 843 2619 atterat.

293 2675 380 2750 Quae
403 2699 502 2760 quum
525 2676 571 2738 ita
594 2677 667 2756 sint,
699 2680 731 2740 et
752 2699 849 2759 quum
874 2677 904 2740 ei
931 2699 995 2742 non
1017 2675 1122 2740 solum
1144 2675 1336 2740 acerrimum

172 2825 176 2834 .
208 2777 374 2860 ingenium
410 2779 506 2860 atque
538 2777 678 2842 divinam
701 2778 860 2862 quandam
896 2777 1020 2841 dicendi
1042 2775 1244 2862 gravitatem,
1281 2777 1335 2839 sed

206 2879 302 2941 etiam
325 2877 555 2942 liberalitatem
578 2902 596 2942 a
619 2880 773 2962 scriptore
790 2879 962 2944 adiudicari
980 2883 1013 2942 et
1025 2877 1098 2944 illas
1116 2881 1181 2941 tres
1199 2877 1334 2941 virtutes
1369 2887 1375 2900 ‘
1422 2882 1428 2887 “

206 3002 245 3042 ex
267 2979 473 3062 amplissimis
496 2981 603 3044 verbis
623 2980 748 3044 elucere
771 2981 848 3044 setis
870 2982 1103 3044 demonstrasse
1117 2979 1198 3042 mihi
1215 2979 1332 3058 videar,

205 3083 388 3164 proximum
412 3086 470 3159 esc,
493 3085 530 3144 ut
552 3083 693 3159 doceam,
725 3082 801 3166 quid
824 3081 866 3145 sit
889 3083 974 3165 quod
996 3082 1133 3164 scriptor
1163 3102 1236 3143 eum
1257 3081 1333 3144 tali-

206 3185 264 3247 bus
287 3183 434 3246 laudibus
450 3183 571 3250 efferat.
606 3182 693 3258 Quae
717 3183 826 3247 laudes
850 3182 1059 3266 Antiphontis
1081 3182 1205 3246 animos
1228 3187 1260 3245 et
1277 3205 1333 3248 ve·

204 3291 308 3350 terum
327 3285 416 3350 velut
435 3284 698 3368 Ciceronis,')
723 3284 944 3367 caecilii2)
968 3287 1000 3348 et
1014 3285 1227 3348 recentiorum
1244 3285 1332 3349 criti-

205 3410 314 3452 corum
338 3391 370 3451 et
402 3388 613 3471 interpretum
647 3389 686 3452 ad
719 3409 753 3451 ae
784 3390 1020 3450 converterunt.
1065 3385 1184 3450 Mirum
1206 3387 1240 3449 in
1262 3408 1332 3449 mo·

204 3491 279 3554 dum
303 3490 537 3574 Antiphontem
572 3490 719 3554 laudibus
755 3490 862 3584 ornari
898 3479 1040 3554 omnium
1069 3489 1103 3552 in
1125 3510 1224 3554 unum
1255 3508 1331 3550 con·

203 3591 569 3676 grueruntsententiac‚
607 3594 639 3654 et
673 3591 735 3674 ipsi
770 3612 898 3674 quoque
932 3591 1109 3656 concedunt
1143 3589 1176 3670 ii,
1211 3589 1267 3673 qui
1295 3593 1331 3653 ut

290 3899 311 3962 ι)
328 3897 377 3950 aa.
396 3897 501 3954 oraro.
523 3855 767 3965 (aracusiam.

289 3981 312 4048 2)
330 3981 407 4050 apud
424 3981 731 4038 Pseudo-Plutarchum
749 3980 882 4049 scriptum
903 3978 1031 4034 videmus
1050 3979 1118 4033 hoc:
1136 3977 1179 4045 „a
1197 3971 1236 4032 ὧν
1254 3977 1330 4032 ἔπαι-

156 4099 162 4114 .
204 4069 291 4118 νεῖται
307 4066 373 4140 παρ’
393 4065 465 4140 αὐτῷ
482 4065 679 4136 όἈντιφῶν.“
710 4065 809 4126 (Blaas.
827 4064 914 4137 praef.
933 4062 1070 4134 XXXIV.)
