3158 4752
689 320 902 380 ..22-

236 489 324 567 tione
346 523 456 564 esrum
484 499 745 582 descriptionum,
780 523 863 584 quse
899 502 983 584 apud
1006 502 1193 585 scriptorem
1224 503 1263 566 de
1286 502 1362 565 viris

236 603 321 668 houd
363 602 577 668 mediocribus
617 601 759 665 eiusdem
791 603 906 666 aciatis
941 603 1158 667 inveniuntur.
1216 601 1362 686 Scriptor

236 705 321 770 enim
348 705 387 768 de
422 725 597 787 paucorum
635 707 750 766 nature
780 705 848 767 sive
880 705 1011 788 ingenio
1033 705 1239 788 moribusque
1275 709 1361 770 certe

234 807 352 870 iudicia
374 826 475 888 eaque
500 805 612 888 paucis
642 805 748 870 verbis
782 804 869 868 facit.
914 805 1048 880 Praeter
1070 791 1362 889 Antiphontemhi

235 907 335 972 ferme
359 911 434 970 sunt
455 907 535 970 virir
562 905 713 984 Pericles,
732 905 852 983 Nicias,
876 907 1068 985 Alcibiades,
1099 906 1207 986 Cleon,
1238 907 1361 972 Thera·

235 1032 359 1089 menes,
395 1009 599 1094 Phrynichus
634 1008 865 1086 Athenienses;
901 1009 1050 1074 Brasidas
1082 1013 1114 1072 et
1148 1009 1361 1074 Archidamus

235 1111 493 1189 Lacedaemonii,
517 1111 743 1175 Hermoerctes
768 1110 994 1195 Syracusanus.
1040 1109 1145 1175 Ceteri
1166 1111 1228 1176 viri
1251 1111 1361 1194 paucis

234 1214 340 1278 verbis
370 1217 558 1299 tanguntur.
616 1212 666 1276 nx
706 1234 744 1276 eo
783 1235 935 1290 numero,
976 1213 1032 1297 qui
1071 1213 1182 1277 eodem
1216 1217 1361 1296 tempore

234 1315 301 1380 sive
335 1315 474 1380 Athenis
503 1315 570 1378 sire
599 1314 677 1378 slibi
710 1313 883 1391 florebant,
920 1315 1027 1379 nescio
1057 1337 1098 1378 sn
1129 1336 1228 1378 unum
1257 1314 1362 1378 solum

145 1459 149 1464 -
234 1415 392 1482 Periclem
413 1417 471 1481 tali
494 1416 587 1481 lcude
610 1416 731 1493 efferat,
755 1416 843 1498 quali
863 1415 1108 1500 Antiphontem,
1131 1416 1221 1481 errius
1244 1421 1277 1480 et
1303 1416 1361 1480 illo

233 1517 305 1582 loco
328 1515 384 1601 (ll,
408 1518 464 1601 65)
499 1517 581 1602 [quo
613 1518 651 1581 de
680 1518 776 1582 rebus
803 1517 904 1602 gestis
926 1521 959 1581 et
981 1518 1110 1602 ingenio
1133 1516 1267 1582 Periclis
1288 1517 1361 1601 plu·

233 1619 322 1684 ribus
354 1619 560 1703 amplissimis
592 1619 699 1684 verbis
730 1619 841 1704 dicit],
864 1623 898 1682 et
928 1619 1030 1683 altero
1061 1619 1133 1683 loco
1157 1617 1197 1702 (l,
1223 1627 1292 1687 139.
1316 1619 1360 1702 4.)

233 1721 428 1786 mentionem
464 1720 542 1786 facit
572 1721 624 1786 his
651 1720 777 1804 paucis:
810 1724 982 1805 ,Περικλῆς
1011 1722 1025 1782 ὁ
1049 1719 1257 1797 Ξανθίππην,
1287 1721 1362 1803 ἀνὴρ

234 1822 297 1910 rqr’
319 1827 430 1890 ἐκεῖνον
448 1824 499 1886 τὸν
510 1823 617 1904 χρόνον
635 1823 942 1904 πρῶτοςἎθηναίων,
965 1828 1062 1899 λέγειν
1083 1845 1115 1884 τε
1138 1828 1190 1885 rol
1212 1826 1363 1907 πράσσειν

234 1923 472 1999 inscrutatus
517 1923 705 1989 Ceterorum
730 1927 838 1988 autem
860 1923 1032 2006 descriptio
1055 1922 1157 1988 multo
1180 1925 1286 1989 minus
1308 1947 1361 1989 ac-

233 2029 344 2094 curate
356 2026 492 2103 uidetur,
506 2026 626 2108 quippe
640 2046 777 2108 quorum
790 2027 829 2090 de
842 2025 990 2090 laudibus
1004 2025 1107 2090 multo
1126 2027 1254 2109 porcius
1266 2027 1361 2091 dicat.

233 2126 349 2196 Paucis
358 2127 473 2204 verbis,
483 2131 521 2191 ut
528 2127 609 2192 haec
620 2126 784 2192 nonnullis
795 2127 875 2192 locis
886 2128 1030 2210 probem,
1043 2131 1191 2192 naturam
1204 2127 1362 2192 Cleonis

232 2227 291 2307 ΙΙΙ,
323 2237 374 2297 38.
399 2235 427 2295 2.
450 2226 508 2307 IV,
532 2234 582 2294 21.
606 2235 635 2296 3.
661 2227 699 2307 V,
725 2236 773 2296 16.
800 2237 838 2305 1.,
874 2227 1107 2312 Phrynichi
1130 2227 1226 2308 VHI,
1257 2236 1307 2296 27.
1332 2238 1361 2296 5.

233 2329 520 2398 Thercmcnae
542 2329 639 2408 VIII,
664 2339 715 2400 68.
739 2317 779 2409 A,
803 2330 1048 2396 Archidami
1070 2329 1096 2408 I,
1128 2337 1178 2410 79,
1202 2337 1241 2409 2.,
1264 2330 1361 2396 Bra-

233 2432 346 2501 sidae
368 2431 426 2510 IV,
447 2441 497 2511 81,
523 2439 550 2498 2.
577 2441 647 2500 108.
670 2440 698 2500 2.
721 2433 911 2516 describit.¹)
945 2432 1023 2508 Quis
1042 2436 1089 2496 est
1104 2433 1182 2515 quin
1192 2433 1363 2519 intelleget

232 2533 285 2602 rel
307 2556 347 2620 cs
370 2534 420 2600 his
441 2534 521 2602 locis
546 2533 764 2618 Thucydidem
785 2535 820 2600 in
841 2534 989 2600 laudibus
1011 2534 1189 2598 tribuendis
1213 2556 1278 2598 non
1312 2536 1362 2598 ni-

233 2636 334 2700 mium
348 2642 404 2700 aut
416 2641 570 2721 tanquam
587 2637 758 2722 prodigum
781 2638 889 2701 fuisse.
935 2637 993 2700 Ab
1014 2637 1080 2700 his
1102 2636 1360 2720 descriptio-

232 2738 356 2802 nibus
412 2739 705 2823 Antiphontee
749 2739 878 2825 longe
921 2739 1087 2803 diversa
1128 2742 1196 2803 est.
1259 2737 1365 2814 Quem·

233 2845 379 2904 accurate
403 2841 615 2924 Antiphontis
637 2845 785 2906 naturam
807 2841 958 2906 describit
981 2845 1013 2904 et
1028 2861 1125 2924 quam
1139 2843 1230 2926 grate
1245 2839 1360 2923 pieque

233 2963 305 3004 eum
328 2941 542 3025 prosequitur,
566 2943 617 3006 cni
639 2947 704 3007 tres
726 2947 794 3006 tam
816 2941 996 3028 singulares
1011 2941 1210 3025 eximiaeque
1225 2941 1360 3005 virtutes

233 3042 469 3108 adiudicantur!
508 3042 659 3108 Omnium
672 3045 777 3127 prima
791 3045 894 3108 virtus
908 3044 1024 3108 dicitur
1037 3042 1126 3124 ἀρετή
1144 3042 1359 3126 (liberalitas),

233 3167 330 3228 quem
353 3147 481 3229 quidem
504 3146 641 3230 scriptor
664 3146 876 3230 Antiphonti,
908 3149 944 3209 ut
966 3167 1090 3229 supra
1112 3144 1192 3223 dixi,
1215 3146 1271 3208 uni
1292 3145 1360 3209 fere

233 3268 272 3310 ex
295 3247 442 3311 omnibus
466 3248 607 3312 eiusdem
630 3247 744 3312 aetatis
767 3248 847 3310 viris¹
866 3248 1038 3324 adiudicct3
1079 3248 1230 3311 extremis
1252 3251 1360 3311 autem
1431 3249 1434 3254 ’

232 3348 338 3412 verbis
361 3348 461 3412 Thuc
494 3350 571 3413 dicit
607 3349 831 3427 „neminem
866 3371 1008 3434 unquam
1040 3347 1155 3412 melius
1188 3371 1226 3414 eo
1260 3347 1360 3413 ullam

233 3450 372 3525 oravisse
396 3451 509 3536 capitis
523 3473 661 3528 causam,
685 3473 756 3516 cum
775 3473 809 3516 se
824 3451 892 3534 ipse
911 3449 1122 3527 defenderet,“
1149 3454 1185 3514 ut
1198 3449 1360 3516 Ciceronis

231 3553 338 3618 verbis
360 3556 441 3619 utor.
487 3553 575 3629 Quae
598 3575 670 3618 cum
692 3553 738 3618 ita
760 3554 834 3631 sint,
858 3575 971 3618 censeo
995 3552 1184 3636 scriptorem
1205 3557 1360 3617 nontam

232 3654 301 3718 sola
323 3654 447 3718 iustitia
468 3677 565 3738 quam
588 3656 719 3720 caritate
742 3656 871 3734 adduci,
900 3659 1024 3719 uttam
1048 3654 1239 3718 mirabiliter
1260 3655 1298 3718 de
1321 3677 1359 3719 eo

233 3777 272 3818 ex
308 3756 456 3820 omnibus
495 3778 559 3821 uno
606 3757 733 3821 sentiet.
792 3757 901 3844 Atque
939 3755 1082 3820 nescio
1116 3777 1163 3820 an
1208 3755 1358 3820 amicus

319 4078 340 4144 ¹)
357 4077 406 4138 clr.
424 4079 546 4140 Clesreu
564 4078 651 4149 praet
670 4076 764 4138 usn.
