3158 4752
716 301 929 360 ..48-

254 476 295 542 V.
319 484 497 546 613-615.
542 477 615 540 ούδέ
633 482 665 540 τί
685 498 719 541 σε
737 480 794 563 χρὴ
817 481 880 541 τὸν
902 481 1102 562 φιλέειν,]

664 581 716 642 ἵνα
737 579 778 659 μή
800 605 854 659 μοι
877 579 1082 662 ἀπέχθηαι
1105 587 1323 666 φιλέοντα]

546 680 637 741 καλόν
659 705 705 742 τοι
728 681 781 742 σὺν
803 685 883 760 ε’μολ
906 683 970 742 τὸν
991 681 1179 763 atridem(

663 782 696 858 λύς
718 785 744 844 κ’
768 787 834 861 ἐμὲ
856 782 967 867 κήδῃ]
1130 785 1338 871 (Αηλίλλιθίιυ.)

254 883 294 947 V.
320 890 390 952 701.
436 883 452 962 d
475 908 525 946 κεν
547 886 637 970 ἲῂσιν,
648 882 690 966 dl
714 910 747 947 κε
769 892 842 971 μένῃ
853 891 863 964 ]
1166 888 1338 974 (parison.)

623 1037 679 1101 Ex
701 1036 857 1102 Iliades
888 1038 951 1102 lib.
975 1039 1015 1103 X.

255 1138 295 1203 V.
320 1145 392 1205 224.
437 1140 503 1201 σύν
525 1165 560 1202 τε
584 1140 635 1202 δύ’
659 1145 864 1224 ἐρχομένω,
888 1148 942 1203 καί
962 1167 999 1204 τε
1022 1143 1089 1227 πρὸ
1111 1143 1127 1203 ὃ
1151 1145 1382 1224 τούένύησεν,

561 1242 670 1318 ὅππως
693 1241 796 1328 κέρδος
818 1245 865 1328 ἔζη·

441 1344 580 1422 μοῦνος
601 1343 629 1406 δ’
653 1346 765 1428 εἴπερ
788 1369 826 1408 τε
848 1345 982 1431 νοήσῃ]

443 1444 519 1506 ἀλλά
543 1451 577 1506 τέ
596 1447 649 1526 ολ]
658 1445 845 1529 βράσσων
875 1470 906 1507 τε
929 1447 993 1521 νύος
1008 1449 1020 1528 ]
1034 1448 1125 1526 λεπτὴ
1149 1446 1184 1510 δέ
1205 1473 1236 1510 τε
1257 1450 1384 1533 μῆτις.]

1109 1541 1340 1634 (Ασλίλλιελου.)

255 1646 296 1712 V.
321 1654 391 1716 298.
437 1647 514 1710 ὥστε
528 1647 627 1710 λεόντε
641 1647 694 1710 διὰ
717 1649 806 1710 νύκτα
827 1649 1012 1732 μέλαιναν,]
1022 1648 1067 1728 ἀμ
1090 1653 1180 1732 φόνον
1195 1651 1233 1713 ἀν
1255 1658 1385 1734 νέκυας]

665 1749 718 1812 διὰ
741 1747 767 1812 τ’
787 1751 869 1812 έντεα
894 1756 946 1812 καὶ
967 1751 1064 1831 μέλαν
1085 1747 1201 1838 αἷμα]

257 1865 297 1932 V.
322 1875 393 1936 326.
438 1869 493 1930 ὅθι
516 1895 574 1930 που
595 1869 758 1948 μέλλουσιν
779 1869 899 1954 ἀριστοι
920 1871 1034 1953 βουλὰς
1053 1873 1209 1949 βουλεύειν

667 1975 680 2050 γ’
693 1969 710 2049 ἢ
732 1974 903 2057 φευγέμεν]
915 1972 947 2051 ἠὲ
968 1974 1125 2056 μάχεσθαι
1137 1978 1151 2057 ]
1202 2047 1205 2054 Ι

1049 2147 1053 2154 ,
1190 2073 1339 2158 (Perisa.)

615 2173 671 2238 ΕΣ
693 2172 847 2239 Iliades
870 2174 939 2238 lib.
967 2175 1023 2240 XI.

258 2291 297 2357 V.
321 2301 394 2360 408.
439 2283 510 2356 οἶδα
532 2295 590 2379 γὰρ
612 2293 676 2356 dm
700 2301 816 2357 κακοί
838 2299 909 2374 μὲν
939 2295 1179 2378 ἀποίχονται
1201 2293 1359 2376 πολέμοιο,
1370 2299 1385 2380 ]

438 2396 471 2470 ὃς
494 2394 531 2456 δέ
550 2393 577 2456 κ’
600 2395 835 2480 ἀριστεύῃσι
852 2397 933 2481 μάχῃ
955 2397 1035 2481 ένι,]

440 2499 489 2558 τὸν
512 2496 545 2560 δὲ
567 2497 651 2575 μάλα
670 2499 751 2582 γρεώ
774 2499 987 2576 ἑστάμεναι
1010 2500 1232 2583 κρατερῶς]

666 2597 709 2677 ἥτ’
733 2598 830 2679 ἔβλητ’
842 2602 857 2683 ]
869 2598 912 2678 ἥτ’
936 2599 1020 2684 ἔβαλ’
1043 2599 1172 2685 ἀλλον]

1110 2700 1341 2785 (Antitheton.)

258 2800 299 2865 V.
324 2809 395 2870 782.
439 2805 508 2885 σφώ
532 2802 565 2866 δὲ
586 2803 659 2882 μάλ’
684 2801 864 2888 ἠθέλησα]

292 2985 298 2998 ·
440 2906 482 2967 ud
506 2903 533 2966 δ’
548 2903 644 2986 ἀμφω
668 2904 755 2968 πόλλ’
778 2903 962 2989 ἐπέτελλον]

258 3003 299 3069 V.
324 3012 395 3073 786.
438 3007 524 3092 γενεῇ
545 3011 601 3088 μὲν
622 3003 785 3091 ύπέρτερύς
806 3011 886 3067 ἐστιν
904 3005 1063 3087 Ἀχιλλεὺς,
1074 3010 1088 3091 ]

441 3108 642 3193 πρεσβύτερος
664 3107 698 3170 δὲ
721 3107 756 3169 σύ
779 3112 860 3168 έσσι·
874 3110 889 3190 ]
899 3111 952 3194 βίῃ
974 3106 1001 3169 δ’
1017 3107 1068 3187 dyc
1081 3107 1194 3169 πολλὸν
1215 3106 1360 3187 ἀμείνων,
1370 3109 1385 3190 ]

829 3213 878 3272 xvi
1191 3206 1341 3292 (Parius.)

617 3327 672 3392 Ex
694 3325 847 3392 Iliades
870 3327 937 3392 lib.
961 3325 1034 3390 XII.

259 3447 299 3512 V.
326 3455 374 3512 14.
419 3451 447 3509 ολ
469 3451 524 3526 μὲν
546 3447 653 3527 δάμεν,
663 3449 678 3531 ]
690 3450 718 3510 ολ
740 3446 769 3509 δ’
783 3447 919 3510 ἐλίποντο
930 3449 945 3530 ]

1169 3546 1341 3632 (Ρστίιυτι.)

260 3649 300 3714 V.
325 3655 503 3718 237-243.
548 3650 615 3728 τύνη
638 3650 862 3712 δὀίοινοῖσι
885 3649 1135 3735 τανυπτερύγεσσι
1159 3649 1290 3723 κελεύεις

1139 3753 1384 3824 πείθεσθαις

488 3855 548 3916 τῶν
566 3851 630 3916 ούτι
651 3849 882 3936 μετατρέπομοι
892 3855 908 3930 ]
918 3849 981 3914 τύδ’
1004 3849 1161 3933 ἀλεγίζω]

488 3954 542 4018 εἴτ’
565 3959 615 4016 ἐπὶ
638 3952 738 4026 δεξί’
761 3956 832 4016 λἰοσι
854 3955 951 4037 πρὸς
974 3954 1023 4031 ἠῶ
1046 3949 1223 4031 τ’ἧέλιύν
1243 3954 1309 4035 τε]

486 4056 540 4120 εἴτ’
553 4056 600 4118 ἐπ’
616 4057 808 4141 ἀριστερὰ
823 4061 903 4135 τοίγε
925 4061 1016 4118 ποτὶ
1039 4055 1158 4135 ζόφον
1176 4052 1385 4137 ἠερόεντα]
