3158 4752
679 397 890 456 „71-

213 579 238 641 τ’
249 577 439 658 tociacum?
472 575 548 643 Non
564 575 645 641 illud
658 577 868 662 Antiphontis
891 579 951 662 (or.
974 578 1015 657 V,
1029 578 1052 662 ¹)
1067 579 1094 662 ἕ.
1115 579 1188 663 76):
1204 581 1336 659 ,,πολλῆς

214 681 408 761 εὐδαιμονίας
438 683 549 760 πολλὴν
579 680 837 761 sanctonicum
866 681 971 746 simile
1002 681 1175 747 Homerico
1208 681 1334 767 (Odyss

213 782 319 863 XXII,
329 806 359 848 v.
370 785 463 868 374):
478 789 673 868 »κακοεργίης
689 783 883 869 εὖεργεσίη“Ρ
902 775 998 849 Cuius
1013 784 1230 850 similitudinis
1241 783 1336 849 facile

214 887 380 972 complure
402 885 549 970 exempla
579 885 688 968 efferri
709 890 852 970 possunt,
874 887 1064 972 praesertim
1086 909 1159 951 cum
1180 886 1238 951 illa
1260 909 1335 952 con·
1378 887 1381 893 ’

214 991 314 1055 truria
335 990 375 1054 eb
398 989 582 1074 Thucydide
612 993 644 1054 et
671 988 874 1074 Antiphonte
896 990 1022 1075 saepius
1045 993 1214 1074 usurpata:
1254 991 1338 1071 λόγος

214 1129 255 1140 -
279 1094 373 1177 ἔργον,
396 1097 482 1175 φίλος
504 1129 544 1138 -
570 1091 676 1176 ἐχθρός
699 1092 882 1176 (πολέμιος),
905 1091 1023 1172 ἀγαθός
1044 1129 1085 1139 -
1107 1095 1207 1172 κακὸς,
1230 1094 1339 1170 σώζειν

215 1234 256 1243 -
274 1195 451 1274 ἀπολλύναι,
472 1196 600 1276 diduco)
625 1233 671 1248 -,
692 1193 832 1278 ὠφελεῖν,
859 1194 963 1258 δοῦναι
984 1231 1026 1242 -
1044 1195 1207 1274 δέξασθαι,
1242 1195 1339 1278 ψευδῆ

216 1335 257 1344 ——
280 1297 419 1376 τ’ἀληθῆ,
450 1302 535 1372 θεῖος
556 1335 597 1344 -
628 1297 839 1382 ἀνθρώπειος,
865 1295 929 1360 elis
959 1319 1024 1361 non
1046 1299 1152 1362 minus
1172 1298 1283 1363 crebro
1307 1301 1340 1361 et

215 1392 363 1465 similiter
393 1401 478 1484 apud
503 1399 682 1464 Homerum
712 1399 923 1464 inveniantur.
981 1397 1126 1465 lemvero
1159 1400 1216 1464 illa
1246 1401 1339 1465 sche-

214 1509 302 1568 mata
332 1526 397 1568 non
426 1504 531 1569 minus
575 1503 687 1567 crebro
717 1503 757 1566 eb
789 1505 925 1586 utroque
936 1501 962 1586 ¹²)
999 1525 1095 1587 quam
1125 1504 1165 1569 ab
1196 1503 1339 1568 Homero

215 1607 250 1671 in
288 1607 416 1692 gnomis
455 1608 522 1672 sive
562 1606 728 1671 sententiis
770 1609 975 1690 usurpantur.
1020 1644 1060 1652 —
1105 1605 1169 1672 Vel
1211 1629 1250 1671 ex
1288 1607 1340 1672 his

215 1711 326 1794 paucis
378 1697 515 1795 apparet
555 1709 749 1794 Antiphonti
803 1713 835 1774 et
879 1709 1057 1794 Thucydidi
1100 1707 1340 1776 similitudinem

216 1813 376 1898 quandam
397 1812 432 1876 in
453 1835 514 1878 usu
534 1813 712 1899 figurarum
739 1833 811 1877 cum
833 1811 977 1878 Homero
1009 1835 1086 1878 esse.
1132 1813 1219 1890 Quae
1242 1837 1340 1898 quum

216 1915 264 1979 ita
286 1915 359 1995 sint,
382 1915 586 1982 verisimilius
608 1915 688 1980 mihi
710 1917 836 1982 videtur
858 1920 1029 2000 utrumque
1044 1916 1179 1981 Homeri
1201 1918 1342 1981 auctori-

215 2021 317 2082 tatem
340 2039 437 2102 quam
460 2017 655 2104 Gorginem
678 2041 738 2083 usu
759 2019 936 2105 figurarum
960 2023 1105 2084 secutum
1138 2041 1216 2098 esse,
1247 2020 1341 2103 pree·

216 2121 328 2186 sertim
351 2143 423 2185 cum
445 2120 663 2208 Thucydidem
685 2123 813 2207 quidem
836 2123 975 2188 studiose
999 2127 1031 2188 et
1052 2122 1189 2186 multum
1217 2123 1251 2186 in
1272 2123 1341 2189 Ηο-

216 2223 345 2288 mericis
376 2224 570 2289 carminibus
598 2225 779 2290 volutatum
811 2223 910 2290 fuisse
938 2226 1074 2290 doceant
1101 2225 1156 2290 vel'
1181 2226 1205 2290 ii
1234 2225 1341 2311 loci‚³)

217 2326 334 2410 quibus
367 2325 422 2390 ille
457 2331 587 2412 poetam
620 2328 759 2412 respicit.
808 2327 944 2428 Homeri
976 2332 1084 2392 autem
1119 2329 1343 2394 auctoritatem

307 2566 328 2633 1)
346 2567 514 2636 quintum
532 2566 567 2622 de
591 2565 698 2622 ccede
716 2567 868 2623 Herodis
886 2567 1019 2637 scriptam
1043 2567 1200 2624 orationem
1217 2568 1248 2622 in
1264 2585 1344 2638 prue-

218 2652 401 2707 stontissimis
419 2652 603 2722 Antiphontis
621 2653 795 2708 cretionibus
813 2653 872 2706 iem
890 2656 997 2708 vetere·
1022 2653 1169 2708 duxerunt.
1187 2654 1342 2708 Primam

218 2737 310 2808 ipsum
338 2754 449 2806 quoque
475 2737 636 2809 (κατηγορία
656 2740 847 2810 φαρμακείας)
882 2732 1045 2807 inscriptum
1082 2741 1111 2793 et
1141 2741 1277 2793 sextum
1308 2739 1343 2794 de

219 2823 357 2878 choreuta
382 2822 552 2892 Antiphonti
576 2823 788 2878 attribuendam
816 2841 874 2878 esse
899 2841 997 2879 censeo
1025 2827 1134 2879 secutus
1153 2825 1342 2894 Hoppium‚

218 2909 269 2978 qui
287 2909 447 2980 nuperrime
465 2908 495 2962 in
513 2910 592 2962 sexte
611 2910 640 2962 et
656 2907 750 2977 prima
767 2907 896 2962 oratione
912 2907 987 2962 idem
998 2907 1109 2962 dicendi
1119 2925 1215 2976 genus,
1230 2907 1343 2962 easdem

218 2993 388 3060 sententias,
416 2993 534 3048 eundem
554 2991 774 3062 dispositionem,
794 3010 880 3062 quem
907 2993 938 3046 in
964 2991 1072 3060 quintu,
1100 2993 1221 3048 inveniri
1248 2992 1344 3047 docuit

219 3079 256 3149 (p.
278 3079 309 3132 15
328 3097 387 3148 sqq.
404 3078 435 3132 in
452 3078 568 3148 Antiph.
587 3095 658 3148 spec.
677 3078 740 3132 Hel.
762 3077 845 3146 1874).
880 3077 1115 3147 Tetrulogies
1142 3081 1252 3146 autem,
1271 3095 1344 3147 quae

219 3165 302 3235 previ
329 3168 359 3220 et
382 3164 478 3220 vitiosi
503 3164 640 3218 acuminis
659 3165 759 3234 plenae
778 3165 847 3231 sint,
867 3181 924 3218 non
942 3164 1053 3218 soeculo
1072 3163 1172 3232 quinto
1191 3181 1215 3218 e.
1235 3164 1298 3218 Chr.
1316 3183 1343 3218 n.

218 3251 390 3321 conscriptus
418 3268 476 3306 erse
503 3267 560 3306 uon
578 3268 658 3320 posse
676 3268 772 3306 omnes
790 3251 848 3306 fere
865 3268 939 3304 nunc
957 3249 1144 3305 consentiunt.
1180 3251 1239 3318 (cfr.
1268 3251 1344 3304 Mne·

220 3355 364 3407 mosynen.
387 3337 461 3392 1881.
479 3354 545 3406 pers
562 3337 575 3389 I
592 3337 647 3392 vol.
666 3336 712 3390 IX.
731 3335 858 3406 Antiph.)

306 3441 328 3508 ο)
347 3440 385 3493 In
403 3457 448 3494 or.
466 3439 492 3494 V
510 3439 656 3509 Antiph.
674 3439 856 3494 inveniuntur
874 3438 926 3493 illa
943 3439 1091 3493 schemate
1108 3438 1139 3491 in
1157 3439 1200 3492 his
1219 3439 1343 3507 gnomis:

180 3520 237 3593 '-§
256 3527 280 3580 5.
306 3526 346 3580 34.
375 3525 416 3580 73.
443 3525 484 3578 84.
504 3525 546 3578 88.
570 3525 612 3579 00.
630 3525 671 3578 92.
699 3553 731 3563 -
758 3525 806 3578 Ex
832 3525 955 3578 tribus
981 3523 1093 3578 libris
1119 3523 1345 3593 Thucydidis

222 3613 277 3666 hue
295 3611 452 3667 sentcntiae
471 3627 535 3663 cum
553 3609 649 3679 figuris
667 3610 831 3665 coniunctae
851 3627 868 3664 a
886 3627 932 3664 me
950 3610 1073 3666 collatae
1090 3612 1167 3663 sunt:
1185 3609 1205 3662 Ι.
1220 3627 1242 3664 c.
1261 3610 1302 3664 34.
1316 3611 1344 3676 83

220 3697 355 3762 41.>2.3;
385 3697 427 3750 42.
446 3696 470 3750 2.
488 3696 517 3760 8;
544 3697 585 3750 69.
604 3697 635 3761 2;
662 3698 702 3751 71.
721 3697 752 3762 3;
779 3698 819 3751 77.
838 3697 869 3762 4;
894 3697 934 3752 78.
952 3696 984 3762 3;
1012 3697 1053 3750 82.
1072 3697 1103 3760 6;
1127 3695 1346 3761 84.1.2.3.4’;

221 3783 264 3837 85.
282 3783 313 3847 23
336 3784 426 3837 1261.
445 3782 469 3836 3.
486 3783 511 3836 4.
529 3783 560 3846 ὃς
582 3782 637 3836 122.
659 3784 680 3836 1.
716 3783 750 3837 ΙΙ.
769 3800 792 3837 c.
813 3783 852 3837 11.
869 3784 900 3848 5;
918 3783 959 3836 35.
978 3783 1009 3848 2;
1026 3783 1068 3837 40.
1089 3783 1110 3834 1.
1128 3781 1152 3834 2.
1170 3780 1195 3834 3.
1212 3782 1244 3846 4;
1261 3782 1303 3836 43.
1321 3783 1347 3838 3.

221 3872 246 3922 4.
265 3870 297 3933 6;
322 3870 364 3922 44.
386 3869 412 3933 1;
439 3867 532 3932 4513
558 3868 649 3932 46.l;
676 3868 717 3922 60.
742 3869 815 3934 2.3;
843 3869 884 3922 62.
902 3868 927 3922 3.
944 3869 969 3922 4.
988 3869 1019 3933 53
1046 3867 1086 3922 63.
1105 3865 1135 3931 3;
1166 3867 1207 3920 64.
1232 3869 1256 3922 2.
1279 3869 1303 3921 5.
1322 3869 1345 3922 6.

222 3955 271 4010 III.
303 3971 325 4008 0.
343 3955 385 4009 37.
404 3953 428 4008 3.
446 3955 478 4019 4;
504 3953 594 4019 38.5;
620 3954 661 4008 39.
680 3955 753 4020 4.5;
780 3955 822 4010 42.
844 3956 872 4020 1;
897 3955 940 4009 43.
958 3955 982 4008 2.
1000 3955 1024 4008 3.
1042 3954 1074 4018 4;
1099 3953 1141 4005 45.
1159 3951 1184 4005 4.
1203 3953 1234 4018 5;
1256 3953 1297 4011 55.
1314 3955 1347 4019 4;

222 4042 314 4106 63.4;
332 4041 373 4095 65.
391 4040 423 4106 23
442 4040 482 4094 67.
500 4039 525 4093 2.
543 4039 574 4104 4;
592 4038 634 4092 82.
653 4040 677 4093 7.
695 4039 719 4093 8.

311 4125 333 4193 ο)
351 4124 399 4179 cfr.
426 4123 475 4178 ub.
493 4123 514 4182 1.
540 4122 565 4176 3.
583 4123 607 4176 9.
629 4123 667 4178 10.
694 4123 737 4190 n,
754 4124 796 4177 41.
824 4123 872 4190 ni,
892 4123 948 4177 104.
975 4123 1077 4191 quibus
1104 4122 1219 4179 nomes
1245 4141 1347 4180 nomen
1453 4093 1458 4108 '
1513 4075 1519 4091 ⁸

224 4211 339 4282 legitur,
358 4211 427 4276 etl,
445 4227 468 4264 c.
489 4209 572 4262 1-23
590 4211 619 4262 et
636 4209 683 4276 VI,
702 4226 724 4262 c.
743 4211 767 4275 2,
785 4209 887 4277 quibus
904 4209 972 4263 locis
990 4209 1126 4263 Homerus
1144 4211 1297 4280 respicitur.
