3158 4752
665 303 875 364 ..33-

201 482 304 548 Koch.
330 483 444 566 1876);
467 481 546 546 item
567 480 601 543 in
623 479 738 563 Vespis
763 482 806 563 (v.
830 481 925 564 421);
949 479 1006 542 ofr.
1030 479 1119 544 Rosa.
1142 480 1164 544 l.
1182 479 1204 542 l.
1228 503 1259 564 p.
1280 486 1329 546 29.

203 625 243 635 —
259 585 362 650 Blass.
387 583 412 648 I.
436 607 467 667 p.
492 592 542 652 50.
566 621 607 629 -

287 703 402 787 Neque
429 703 514 785 apud
536 700 827 778 Aristotelem,
851 701 907 782 qui
938 701 1003 764 alio
1036 705 1132 784 atque
1163 700 1227 764 alio
1259 700 1330 764 loco

201 806 293 870 Artis
315 804 495 868 rhetoricae
508 804 532 885 ²)
555 803 593 866 de
605 800 745 886 Gorgiae
766 802 890 866 ratione
908 802 1039 866 dicendi·
1055 802 1207 884 disputat,
1230 803 1331 885 scrip·

201 911 271 972 tum
294 906 456 982 videmus,
488 925 527 968 ex
550 926 615 987 quo
637 925 709 968 mea
730 904 860 986 quidem
883 903 1041 968 sententie
1061 903 1207 987 intellegi
1230 903 1333 986 possit

202 1009 235 1072 id
252 1029 364 1072 verum
386 1028 473 1083 esse,
497 1005 582 1088 quod
605 1003 744 1089 Gorgiae
766 1006 902 1068 nimium
924 1003 1083 1082 Timaeus,
1106 1004 1228 1084 Cicero,
1251 1004 1331 1068 Dio·

202 1110 299 1174 dorus
321 1108 486 1184 tribuunt3
527 1106 664 1170 forsitan
691 1091 852 1190 quispiam
874 1107 991 1170 dixerit
1012 1105 1092 1170 illud
1114 1127 1154 1170 ex
1175 1106 1238 1170 hoc
1259 1107 1331 1170 loco

204 1213 279 1295 (art.
301 1211 422 1274 rhetor.
444 1209 501 1272 lib.
524 1206 583 1288 ΙΙΙ,
609 1216 636 1274 1.
659 1231 691 1290 p.
717 1216 787 1278 180.
819 1209 868 1274 ed.
900 1210 1009 1291 oxon.)
1038 1208 1191 1292 cognosci
1219 1229 1331 1291 posse:

204 1314 308 1391 »Ἐπεὶ
330 1311 364 1374 δὲ
386 1314 414 1374 oi
435 1315 561 1388 ποιηταὶ
583 1315 715 1388 λέγοντες
738 1308 833 1388 εὐήθη
856 1309 909 1372 διὰ
932 1312 984 1388 τὴν
1005 1310 1087 1382 λέξιν
1108 1308 1227 1372 ἐδόκουν
1248 1315 1333 1392 πορί-

203 1419 323 1477 σασθαι
351 1411 438 1489 τήνδε
461 1412 513 1489 τὴν
543 1411 655 1488 δόξαν,
687 1410 740 1474 διὰ
771 1411 855 1474 τοῦτο
886 1413 1025 1489 ποιητικὴ
1057 1411 1191 1495 πρώτη
1221 1415 1333 1491 ἐγένετο
1380 1388 1387 1414 l

203 1516 294 1592 λέξις,
317 1510 430 1592 οἷονῆ
457 1518 485 1574 Γ
489 1518 577 1597 οργί
583 1535 639 1573 oo·
663 1517 715 1574 καὶ
738 1513 789 1573 νῦν
811 1514 854 1574 ἔτι
878 1515 907 1574 οἱ
924 1517 1030 1575 πολλοὶ
1057 1513 1118 1574 τῶν
1139 1512 1334 1576 ἀπαιδεύτων

203 1619 270 1692 τοὺς
292 1616 440 1688 τοιούτους
462 1616 576 1676 οἴονται
598 1613 799 1692 διαλέγεσθαι
821 1614 1001 1676 κάλλιστο.“
1030 1613 1082 1677 Ex
1096 1613 1212 1697 quibus
1226 1614 1333 1680 verbis

202 1716 298 1781 multi
332 1715 393 1778 viri
423 1713 510 1778 docti
519 1713 545 1796 ²)
582 1712 737 1798 Gorgiam
768 1735 870 1798 genus
900 1715 1055 1780 orationis
1086 1705 1277 1780 artificiosae
1300 1718 1333 1778 et

202 1822 371 1902 poetarum
407 1815 521 1880 similis
550 1814 710 1878 invenisse
739 1815 836 1878 etiam
870 1837 955 1880 nuno
990 1817 1138 1880 videntur
1168 1816 1332 1901 colligere.

203 1918 321 1984 Nescio
344 1940 385 1982 an
402 1917 467 1980 iam
485 1915 644 2002 Timaeus,
669 1915 840 1994 Diodorus,
856 1916 966 1980 Cicero
990 1939 1029 1981 ex
1051 1917 1101 1982 his
1124 1918 1242 1982 similia
1264 1918 1332 1982 ool-

201 2019 350 2105 legerint.
389 2018 485 2082 Hunc
502 2017 610 2080 locum
629 2021 736 2080 autem
755 2039 868 2082 censeo
886 2018 1160 2102 interpretandum
1178 2041 1247 2086 osse
1268 2021 1332 2084 ita:

207 2121 317 2200 „Quod
347 2125 463 2205 poetae
494 2118 653 2201 simplicia
674 2119 815 2184 dicentes
837 2119 937 2184 talem
958 2120 1097 2205 gloriam
1119 2121 1188 2186 sola
1209 2121 1334 2186 dicendi

202 2223 329 2286 ratione
353 2222 511 2304 (oratione
534 2220 605 2303 sua)
628 2220 819 2284 videbantur
840 2221 902 2284 sibi
923 2222 1140 2305 acquisivisse,
1163 2227 1334 2306 propterea

203 2325 331 2408 poetice
352 2323 483 2408 prima
517 2321 597 2405 (sive
627 2322 745 2405 potius.
766 2344 954 2400 nascens,
987 2323 1027 2386 in
1061 2324 1194 2406 primo
1226 2324 1331 2407 ortu)

138 2483 143 2491 .
203 2425 267 2490 fuit
280 2425 391 2488 oratio
418 2424 507 2488 velut
529 2422 667 2509 Gorgiae
677 2423 713 2508 ³).
758 2425 867 2488 Etiam
888 2447 972 2490 nuno
996 2447 1035 2488 ex
1056 2425 1241 2490 hominibus
1262 2426 1332 2490 ino-

203 2527 318 2590 ruditis
339 2526 486 2610 plerique
508 2525 590 2589 tales
605 2530 748 2592 oratores
765 2527 980 2610 pulcherrime
993 2528 1156 2610 disputare
1170 2527 1330 2592 credunt.“

294 2815 315 2879 ί)
337 2813 438 2882 Aperte
466 2812 585 2884 Gorgias
604 2813 641 2866 ab
667 2829 699 2868 eo
717 2812 852 2868 laudatur
877 2813 991 2880 (rhetor.
1010 2813 1064 2880 ΠΙ,
1094 2814 1133 2868 18.
1157 2833 1184 2884 p.
1202 2814 1265 2882 235)
1288 2815 1333 2870 his

205 2899 312 2954 verbis:
348 2899 415 2965 ,,ἔφη
443 2902 562 2968 Γοργίας
588 2897 655 2966 ,τὴν
680 2895 734 2966 μὲν
760 2895 890 2966 σπουδὴν
916 2895 1096 2970 διαφθείρειν
1121 2905 1176 2951 τῶν
1201 2897 1334 2952 ἐναντίων

205 2984 308 3053 γέλωτι,
327 2983 375 3035 τὸν
393 2981 424 3034 δὲ
443 2983 548 3052 γέλωτα
565 2981 692 3056 σπονδῇ*
711 2981 826 3053 ὀρθῶς
843 2982 955 3049 λέγων“,
969 2999 1031 3036 oum
1046 2983 1122 3038 idem
1136 2985 1173 3038 ab
1182 2985 1334 3041 Aristotele

207 3072 304 3138 aperte
322 3067 498 3137 vituperetur
516 3068 707 3136 compluribus
725 3067 793 3122 locis
812 3067 840 3128 (l.
859 3067 877 3120 l.
895 3067 945 3128 ΙΠ,
963 3085 985 3121 ο.
1003 3068 1027 3122 3.
1045 3087 1072 3138 p.
1093 3069 1245 3138 186-189),

292 3189 316 3247 ⁹)
334 3187 364 3240 in
382 3187 484 3256 quibus
512 3186 652 3252 Blassius,
679 3187 729 3256 qui
747 3186 878 3242 hocloco
897 3185 986 3239 allato
1004 3184 1035 3250 (I.
1053 3204 1080 3255 p.
1098 3186 1142 3254 58)
1160 3187 1333 3244 haecdicit:

209 3271 345 3340 „Gorgias
363 3272 459 3326 wollte
477 3271 527 3326 der
543 3270 630 3325 Prosa
648 3271 730 3326 einen
750 3271 903 3326 thnlichen
916 3270 983 3324 Reiz
1000 3270 1151 3336 verleihen‚
1162 3272 1214 3328 wie
1228 3271 1334 3328 ihndie

206 3356 310 3411 Werke
338 3356 387 3411 der
414 3356 531 3410 Dichter
557 3355 672 3421 hatten,
699 3375 805 3410 ...so
833 3355 997 3410 schmticlrte
1024 3372 1054 3410 er
1082 3355 1158 3411 scine
1185 3357 1261 3412 Rode
1280 3359 1334 3412 mit

205 3441 371 3509 poetisohen
388 3441 507 3496 Worten
525 3481 531 3493 .
551 3482 556 3494 .
577 3482 582 3493 .
603 3482 608 3494 .
645 3440 680 3495 So
698 3441 793 3496 wurde
816 3459 846 3495 er
864 3441 913 3496 der
930 3440 1057 3495 Erfinder
1075 3441 1125 3495 dar
1141 3443 1333 3512 grossartigen

206 3525 265 3578 und
283 3525 492 3595 poetisirenden
511 3525 690 3594 Stilgattung
708 3525 738 3578 in
756 3525 806 3580 der
823 3525 925 3580 Rede.“

290 3647 313 3712 ⁸)
331 3644 444 3698 Blass.
472 3644 493 3709 Ι,
511 3662 537 3714 p.
556 3643 590 3697 58
607 3643 824 3712 interpretatur:
844 3643 904 3708 „Da
922 3642 967 3697 die
978 3643 1095 3699 Dichter
1111 3646 1184 3698 trotn
1202 3646 1333 3713 gewdhn·
1363 3671 1365 3677 ·

136 3769 139 3773 -
207 3729 295 3784 licher
323 3729 479 3784 Gadanken
506 3729 594 3783 durch
621 3728 675 3782 deu
694 3728 760 3782 Reiz
784 3729 861 3784 ihrer
879 3728 1001 3798 Sprache
1020 3748 1053 3783 zu
1071 3729 1195 3784 solchem
1212 3729 1271 3782 Rnf
1285 3747 1333 3799 ge·

207 3814 289 3884 langt
315 3833 349 3868 zu
375 3815 435 3869 sein
462 3814 607 3878 sabionem,
635 3812 782 3882 deswegen
808 3831 877 3867 war
908 3813 967 3868 die
999 3815 1095 3868 arete
1126 3813 1219 3868 Rede
1251 3814 1333 3869 eina

207 3899 410 3968 poetische‚
435 3899 500 3952 wie
519 3897 574 3951 die
602 3897 660 3952 des
680 3897 860 3964 Gorgias.“
895 3897 934 3950 At
952 3896 1061 3950 Stahr
1079 3896 1255 3960 (Aristoteles
1273 3899 1334 3954 drei

208 3981 318 4036 Bficher
336 3983 385 4038 der
402 3983 566 4038 Redelrunst
583 4001 610 4052 p.
629 3981 679 4036 232
694 3983 765 4052 sqq.)
783 3983 914 4037 latiorem
933 3984 963 4036 et
989 3981 1135 4037 meliorem
1162 3984 1333 4038 sententiam

207 4067 259 4120 sub
277 4067 334 4121 illis
352 4067 467 4122 vocibus
485 4067 557 4120 mihi
575 4065 690 4134 quidem
708 4066 821 4121 videtur
839 4065 964 4120 subicere
981 4065 1024 4120 ita
1041 4065 1257 4136 interpretatus:
1281 4085 1332 4134 „so

1162 4168 1180 4222 3
