3158 4752
640 380 852 440 ..55-

177 556 218 622 V.
244 563 422 625 527-531,
467 559 546 621 δοιολ
568 559 626 643 γάρ
648 585 680 622 τε
703 564 796 621 πίθοι
820 565 1018 622 κατακείαται
1040 565 1071 622 ἓν
1092 562 1162 636 Διὸς
1185 559 1267 624 ολίδει

589 659 698 744 δώρων
720 655 770 722 οἶα
792 659 904 723 δίδωσι
928 663 1108 746 saraim]

589 761 687 848 ἕτερος
709 763 913 848 Μίδων]

388 857 412 945 ᾧ
424 869 480 943 μέν
493 888 543 926 κε.
559 911 565 925 .
580 863 646 943 δοίη
659 867 735 940 Ζεὺς
749 913 756 927 .
773 913 781 926 .
797 864 903 928 ἄλλοτε
916 873 972 946 μέν
986 892 1023 930 τε
1037 869 1138 948 κακῷ
1153 867 1311 952 arcipresul

591 964 698 1030 ἄλλοτε
721 967 945 1052 δ’ἒσθλῷ.ί

388 1063 413 1148 ᾧ
436 1067 526 1130 δίκε
548 1069 609 1129 τῶν
631 1071 779 1154 λυγρῶν
801 1069 878 1148 δοίη,
901 1073 1085 1152 λωβητὸν
1108 1073 1310 1155 ἒθηκεν·ίκτὲ

178 1166 219 1231 V.
247 1175 439 1250 533-548„
470 1169 650 1234 Antitheta.

177 1269 218 1333 V.
244 1277 423 1339 604-609.
469 1273 503 1344 ἓξ
524 1277 580 1352 μὲν
604 1275 917 1358 θυγατέρες,[ἑ“ξ
940 1274 1089 1349 δὐλίες
1112 1272 1267 1356 ἡβώοντες.
1281 1276 1295 1355 l

361 1375 453 1448 τοὺς
474 1377 548 1454 μὲν
566 1373 768 1437 Ἀπόλλων
790 1377 928 1458 πέφνεν]
941 1373 995 1437 ἀπ’
1019 1375 1175 1459 ἀργυρέοιο
1198 1381 1246 1438 κτὲ

363 1477 432 1550 τὰς
455 1474 482 1537 δ’
499 1474 541 1538 ”A
551 1502 618 1561 ρτε
628 1502 698 1556 μις
721 1477 1010 1561 ἰοχέαιραίολίνεκα
1034 1484 1082 1540 κτὲ

359 1577 400 1657 φῆ
424 1576 522 1640 δοιώ
554 1577 730 1661 τεκέειν,ίῆ
753 1578 863 1657 δἀὖτῆ
896 1585 1066 1660 γείνατο
1089 1580 1311 1663 πολλοὺς.ί

362 1680 403 1740 τὼ
415 1677 516 1764 δ’ἄρα,
529 1683 580 1740 καλ
594 1678 680 1741 δοιώ
695 1705 762 1762 περ
780 1680 864 1756 ἐόντ’,
875 1682 890 1764 s
902 1679 1109 1756 οἷπὸπάντας
1121 1678 1310 1764 disocus.)

176 1777 217 1842 V.
242 1786 313 1846 632.
359 1781 503 1866 εἰσορόων
525 1779 623 1864 duran.
645 1784 680 1866 ,ί
691 1783 792 1862 μῦθον
814 1781 941 1844 ἀκούων.
953 1785 970 1862 l

1058 1883 1266 1968 (Antitheta.)

263 2069 308 2132 Hi
339 2073 413 2133 sunt
444 2069 508 2134 loci
540 2091 580 2134 ex
612 2069 712 2134 Iliade
735 2093 754 2134 a
776 2092 828 2135 me
851 2070 971 2150 collati,
995 2071 1112 2155 quibus
1135 2071 1308 2150 schemata,

177 2194 259 2256 quae
290 2173 438 2236 dicuntur
467 2171 625 2257 Gorgiea:
665 2174 901 2258 contraposita,
934 2173 1084 2237 similiter
1123 2173 1309 2250 desinentia,

176 2274 330 2338 membris
353 2280 529 2359 exaequata
541 2276 718 2340 Homerum
742 2299 913 2361 usurpasse
932 2278 1028 2344 dicas.
1069 2276 1165 2340 Multi
1182 2299 1309 2361 quoque

175 2377 241 2441 loci
256 2377 334 2460 (non
347 2379 495 2462 totidem)
511 2380 534 2463 ¹)
558 2401 597 2443 ex
616 2378 758 2462 Odyssea
781 2379 889 2442 afferri
907 2383 1051 2464 possunt,
1067 2379 1183 2463 quibus
1199 2378 1309 2442 cadem

176 2478 341 2542 schemata
363 2481 535 2564 conspicua
557 2485 645 2559 sunt,
670 2481 799 2564 (idest)
823 2480 940 2564 quibus
971 2481 1070 2544 verba
1098 2483 1154 2544 aut
1180 2502 1231 2544 res
1253 2483 1309 2543 aut

177 2581 369 2645 alterutrum
400 2583 578 2646 orationem
610 2583 782 2647 conficiunt
814 2583 1024 2660 contrariam,
1056 2582 1146 2666 paria
1177 2581 1309 2665 paribus

176 2684 361 2762 redduntur,
385 2685 602 2748 membrorum
626 2685 730 2748 exitus
752 2684 837 2747 idem
860 2688 916 2747 aut
939 2683 1054 2748 similis
1077 2687 1134 2748 est.

527 2837 583 2900 Ex
606 2835 815 2920 Odysseae
838 2836 906 2902 lib.
931 2835 955 2900 Ι.

175 2953 217 3018 V.
243 2959 292 3019 24.
338 2957 366 3016 ot
387 2958 442 3033 μὲν
461 2954 623 3034 δυσομένου
642 2953 817 3034 Ὑπερίονος
828 2957 852 3037 ί,
876 2957 904 3016 ολ
927 2953 955 3016 δ’
968 2953 1102 3030 ἀνιόντος

177 3071 218 3136 V.
245 3081 315 3141 161.
341 3079 410 3141 162.
456 3073 544 3135 dorda
568 3074 703 3134 πύθεται
724 3071 831 3157 δμιβριρ
855 3071 998 3153 κείμεν’
1022 3071 1076 3134 ἐπ’
1100 3072 1308 3158 duodeno),

587 3173 686 3253 ἢείν
708 3173 771 3238 ἁλί
794 3175 874 3254 κῦμα
893 3173 1107 3257 κυλίνδει]

177 3314 383 3326 υ--υ-Φ-

266 3399 286 3468 1)
304 3417 361 3468 qua
394 3398 428 3452 de
455 3414 541 3450 causa
568 3397 669 3450 harum
696 3396 850 3465 figurarum
882 3413 938 3450 non
969 3397 1090 3452 totidem
1122 3397 1251 3464 exempla
1277 3400 1307 3452 in

179 3481 311 3551 Odyssea,
330 3485 400 3550 quot
418 3481 448 3534 in
466 3480 564 3546 Iliade,
582 3480 772 3546 inveniantur,
790 3480 874 3534 facile
892 3480 1070 3551 intellegitur
1087 3482 1179 3545 vellat
1198 3499 1238 3548 eo,
1258 3483 1307 3550 qui

179 3567 350 3636 primoribus
368 3566 464 3631 labris,
484 3567 517 3618 ut
534 3565 645 3631 dicitur,
664 3565 843 3620 Homericam
861 3567 968 3635 poesim
988 3566 1189 3636 degustaverit.
1204 3567 1306 3636 Bergk.

178 3651 209 3716 (I,
227 3650 289 3718 840)
309 3650 407 3704 dooere
425 3651 501 3704 recte
520 3649 592 3702 mihi
610 3649 725 3717 quidem
743 3649 856 3704 videtur
873 3651 917 3704 his
936 3651 1048 3720 paucis:
1086 3651 1133 3718 ,In
1152 3651 1201 3704 der
1217 3651 1307 3705 Ilias

179 3735 267 3790 fliesst
284 3735 334 3788 der
353 3733 446 3788 Strom
466 3734 516 3788 der
534 3733 738 3802 Begeisterung
756 3735 858 3800 voller,
877 3735 927 3790 der
946 3735 1062 3790 Dichter
1080 3735 1213 3789 entfaltet
1231 3735 1307 3790 allen

179 3821 330 3876 Reichtum
358 3819 416 3872 und
435 3818 524 3872 Glanz
542 3818 591 3874 der
610 3818 747 3887 Sprache,
774 3819 875 3874 erhebt
892 3819 952 3872 sich
970 3837 1003 3872 zu
1021 3819 1146 3883 kdhner,
1164 3817 1308 3888 freudiger
1326 3815 1328 3818 ’

179 3904 307 3973 mergis,
325 3921 368 3958 wo
387 3921 415 3958 es
433 3903 489 3972 gilt
507 3903 568 3957 eine
587 3903 732 3971 machtige
750 3903 893 3972 Wirkung
910 3914 943 3956 au
962 3903 1093 3968 erzielen,
1113 3901 1181 3956 aber
1197 3919 1227 3956 er
1244 3903 1308 3958 halt

179 3989 233 4042 mit
242 3988 337 4043 diesen
347 3987 555 4042 Kunstmitteln
565 3987 649 4040 Haus.
685 3987 717 4040 In
728 3988 777 4042 der
791 3988 949 4057 Odyssee
968 3987 1095 4042 herrscht
1109 3986 1155 4040 ein
1165 3987 1305 4054 milderer,

179 4073 329 4128 weicherer
355 4073 429 4138 Ton,
457 4073 522 4127 eine*
544 4073 645 4140 ruhige
664 4072 796 4127 Klarheit
822 4073 859 4127 ist
878 4089 1077 4142 ausgegossen,
1106 4072 1175 4126 alles
1193 4073 1230 4125 ist
1248 4074 1304 4126 ein·

179 4157 275 4211 t'acher
293 4157 352 4211 und
370 4157 535 4212 schlichter“
556 4159 608 4210 etc.
