3158 4752
659 325 874 384 ..15-

202 506 279 570 satis
302 505 429 568 elucent
450 501 762 586 multiplices¹)
793 505 825 564 et
855 501 962 564 variae
990 502 1126 566 virtutes
1149 524 1259 566 eorum
1280 505 1333 585 ty-

203 629 388 684 rannorum,
432 609 468 668 ut
510 603 689 680 clementia,
734 602 866 680 iustitia,
907 603 1109 681 abstinentia,
1147 604 1332 681 moderati0,

204 713 290 773 certe
326 730 392 770 uon
427 729 464 770 ea
500 707 610 781 virtus,
646 726 743 788 quam
775 701 1068 789 Miller-strubing
1102 706 1180 770 vult.
1225 707 1333 790 Atque

206 833 271 888 eos,
313 831 394 892 quos
429 808 567 891 primum
607 809 719 870 narrat
753 804 953 888 Thucydides
988 805 1172 870 vicesimam
1208 811 1334 872 tantum

205 913 365 977 redituum
389 931 428 972 ex
457 909 543 992 agris
565 905 768 990 partem²)
803 905 968 990 exigentes
989 907 1062 970 inde
1095 908 1208 972 urbem
1240 930 1333 972 exor-

203 1035 295 1078 nasse
329 1016 361 1076 et
390 1010 476 1074 bella
511 1009 675 1085 tolerasse,
698 1008 811 1072 deinde
845 1007 944 1092 leges,
981 1008 1097 1091 quibus
1120 1009 1333 1074 Athenienses

205 1115 391 1192 utebantur,
415 1134 479 1176 non
501 1109 678 1186 sustulisse,
701 1109 890 1172 liberalitati
913 1113 945 1172 et
966 1110 1153 1192 prudentiae
1175 1111 1333 1176 studuisse

206 1215 330 1298 optimo
354 1215 422 1277 iure
454 1212 516 1276 dici
538 1211 684 1294 potest.³)
708 1249 748 1258 -
772 1209 834 1274 Sed
859 1232 942 1293 quae
971 1211 1013 1274 sit
1046 1211 1095 1275 vis
1123 1213 1210 1276 vocis
1232 1213 1334 1296 ἀρετή,

203 1321 247 1381 ut
281 1317 328 1380 ad
362 1315 544 1378 alterum
577 1313 719 1377 locum
747 1313 921 1394 veniamus,
956 1313 1071 1376 docent
1102 1313 1183 1378 haec
1205 1334 1333 1398 quoque

203 1421 301 1486 verba
324 1417 394 1502 (IV,
418 1426 470 1486 81.
493 1418 542 1500 2):
570 1419 618 1494 ,dg
640 1442 671 1479 τε
695 1418 745 1478 τὸν
762 1417 861 1500 χρόνῳ
884 1416 1007 1498 ὕστερον
1028 1417 1106 1492 μετὰ
1129 1418 1165 1477 τὰ
1188 1421 1219 1478 ἐκ
1242 1419 1331 1480 Σικε-

206 1528 273 1597 λίας
303 1522 436 1600 πόλεμον
458 1518 473 1598 ἦ
498 1520 581 1581 τότε
603 1518 806 1603 Βρασίδου
832 1517 943 1603 ἀρετὴ
972 1521 1040 1578 καὶ
1069 1518 1241 1594 ξύνεσις,
1273 1519 1334 1579 τῶν

204 1629 260 1704 μὲν
283 1628 375 1708 πείρᾳ
399 1619 722 1702 αἰσθομε’νοιν,*)
753 1620 866 1684 τῶνδὲ
890 1619 964 1704 ἀκοῇ
987 1619 1248 1696 νομισάντων,
1276 1618 1333 1698 μά-

205 1731 292 1787 λιστα
315 1726 486 1802 ἐπιθυμίαν
507 1728 636 1784 ἐνεποίει
656 1729 716 1796 τοῖς
731 1721 907 1799 Ἀθηναίων
924 1721 1092 1802 ξυμμάχοις
1110 1725 1137 1795 ἐς
1155 1722 1221 1795 τοὺς
1230 1725 1332 1782 Λακε-

206 1827 408 1904 δαιμονίους]
456 1824 526 1900 Quo
548 1824 620 1888 loco
643 1827 753 1886 narrat
775 1824 834 1888 Th.
858 1824 1002 1900 virtutes,
1035 1843 1116 1906 quae
1144 1822 1178 1885 in
1200 1821 1334 1886 Brasida

205 1927 350 2004 fuissent,
367 1925 462 1990 sociis
478 1925 733 2002 Atheniensium,
756 1926 812 2008 qui
825 1925 955 1988 illarum
966 1946 1124 1988 memores
1138 1925 1333 1988 arbitraren-

205 2035 258 2093 tur
281 2032 403 2092 ceteros
426 2027 694 2091 Lacedaemonios
717 2028 746 2089 ei
770 2027 890 2090 similes
913 2049 991 2103 esse,
1015 2026 1154 2090 studium
1177 2025 1211 2088 in
1233 2025 1333 2090 Lace-

205 2131 389 2195 daemonios
411 2151 607 2212 propensum
637 2130 671 2192 in
693 2128 779 2192 bello
809 2132 882 2211 post
911 2151 961 2192 res
984 2127 1108 2192 Siculas
1130 2131 1222 2211 gesto
1252 2128 1334 2192 inie-

206 2233 295 2298 cisse.
340 2231 403 2295 Hic
417 2253 545 2314 quoque
560 2231 749 2313 scriptorem
763 2229 929 2294 vocabulis
952 2229 1203 2313 (ἀρετή-ξύνεσις)
1226 2229 1333 2294 libe·

295 2455 315 2520 ι)
339 2470 395 2506 non
419 2451 597 2521 neglegenda
623 2454 689 2504 sune
713 2451 764 2504 sua
791 2450 875 2505 verba
901 2449 958 2516 (vi,
984 2451 1026 2504 ου.
1050 2449 1089 2516 ay·
1112 2443 1164 2518 „p
1189 2449 1222 2502 οι
1245 2456 1334 2503 ηοω

206 2535 431 2608 εὐπρόσοδος
454 2531 621 2595 ὁἿνινιίας.“

293 2640 315 2704 ²)
334 2655 397 2691 cum
415 2637 579 2690 Pisistratus
606 2633 745 2691 decimam
763 2636 906 2692 redituum
932 2653 966 2689 ex
990 2636 1065 2702 agris
1089 2639 1200 2705 partem
1222 2638 1333 2707 exigere

208 2722 384 2775 instituisset.
421 2721 476 2775 vid.
496 2722 617 2776 Boeokh.
637 2721 666 2774 in
685 2738 741 2775 oec.
760 2721 839 2789 polit.
859 2721 924 2774 Ath.
943 2739 969 2790 p.
987 2719 1046 2774 443.

294 2821 317 2888 θ)
335 2821 407 2874 Mihi
426 2821 539 2889 quidem
560 2823 672 2877 videtur
689 2822 808 2891 scriptor
826 2822 958 2877 hocloco
976 2821 1169 2876 Pisistratidas
1188 2839 1251 2877 cum
1270 2824 1334 2878 aliis

206 2906 334 2975 tyrannis
344 2905 486 2970 Graeciae,
497 2906 666 2974 quitantum
675 2906 731 2959 suis
746 2905 900 2962 commodis
910 2904 1071 2960 serviebant
1081 2908 1110 2960 et
1119 2905 1215 2960 omnia
1224 2906 1261 2960 ad
1271 2925 1334 2961 suas

207 2991 348 3045 utilitates
364 2991 531 3053 referebant,
551 3007 713 3058 comparare
724 2993 752 3044 et
765 2989 941 3053 contendere,
962 3007 1080 3057 quorum
1092 3007 1182 3046 mores
1193 2993 1222 3045 et
1239 2992 1334 3046 studia

208 3075 342 3129 describit
358 3075 390 3138 (I,
411 3076 461 3141 17.)
480 3075 523 3127 his
541 3076 633 3129 verbis
649 3079 820 3145 τύραννοι-
832 3075 861 3125 τὸ
875 3070 915 3139 ἐφ’
933 3073 1134 3142 ἱαυιῶνμόνον
1142 3081 1335 3147 προορώμενοι

206 3159 234 3218 ἔς
251 3175 281 3210 τε
298 3157 328 3209 τὸ
346 3165 427 3225 σῶμα
446 3157 491 3209 καὶ
510 3155 537 3217 ἔς
555 3159 585 3210 τὸ
603 3157 650 3210 τὸν
669 3159 746 3210 ἴδιον
760 3159 838 3211 οἶνον
851 3159 944 3217 αὔξειν
958 3157 1009 3212 nrt.
1045 3159 1131 3214 Plane
1145 3164 1241 3214 autem
1256 3161 1334 3214 aliud

213 3245 333 3311 scriptor
360 3243 394 3297 de
420 3244 572 3311 tyrannide
591 3245 849 3308 Pisistratidarum3
874 3247 903 3298 et
929 3244 982 3298 hoc
1000 3243 1060 3297 aine
1078 3243 1138 3297 ulla
1156 3244 1334 3301 dubitatione

213 3327 437 3382 confirmaverim
463 3327 655 3396 Thucydidem
682 3327 763 3395 qnasi
790 3327 879 3381 animi
905 3327 1029 3395 quodam
1054 3327 1146 3382 calore
1171 3327 1334 3394 describere,

209 3429 266 3480 qua
284 3411 394 3466 ratione
421 3412 465 3465 illi
487 3411 602 3480 tyranni
629 3415 695 3466 ante
717 3429 814 3465 necem
834 3411 990 3480 Hipparchi
1016 3429 1112 3480 regere
1130 3415 1160 3466 et
1177 3413 1334 3482 gubernare

208 3495 376 3550 studterint.
421 3497 512 3560 Quare
538 3500 620 3561 recte,
645 3499 678 3550 ut
703 3497 774 3548 mihi
799 3495 914 3564 quidem
940 3495 1059 3561 videtur,
1086 3496 1335 3566 Miiller-Striibing

209 3580 431 3649 (Aristophanes.
450 3599 476 3649 p.
495 3582 546 3634 tus
564 3579 671 3647 adnot.)
689 3580 763 3632 hunc
781 3580 873 3634 locum
889 3580 1008 3635 adhibet
1031 3580 1067 3633 ad
1085 3581 1334 3636 demonstrandam
1421 3587 1422 3591 ’

207 3663 444 3718 necessitudinem
463 3664 616 3732 quandam,
636 3680 708 3731 quae
727 3663 887 3732 Thucydidi
905 3681 968 3718 cum
987 3668 1072 3734 gente
1089 3665 1334 3720 Pisistratidarum

208 3747 404 3803 intercesserit.

292 3833 314 3899 ⁴)
334 3839 568 3901 νομισάντων
586 3834 648 3887 vult
665 3833 781 3888 Cobet
806 3833 1008 3902 [Thucydides.
1033 3851 1097 3903 pag.
1128 3835 1169 3888 39.
1196 3836 1261 3890 vol.
1287 3835 1334 3889 IX.

206 3931 288 3985 pers
312 3917 333 3968 I.
352 3917 585 3985 Mnemosyne
612 3916 698 3983 1881.]
723 3917 811 3972 deleri
834 3921 863 3972 et
881 3919 1093 3986 ‚aracaeum
1112 3919 1149 3972 ad
1166 3922 1329 3988 utrumque:

206 4003 332 4070 ποίρυ-
343 4001 412 4073 ἀκοῇ
431 4001 571 4070 pertinere
580 4002 726 4068 (Brasidae
736 4001 855 4056 virtutes
874 4003 944 4058 alios
962 4021 1014 4056 usu
1032 4006 1160 4072 expertos
1178 4019 1244 4069 esse,
1263 4005 1334 4060 alios

206 4085 293 4139 fando
312 4085 452 4140 audivisse
471 4085 576 4153 dicens)
593 4088 676 4152 recte,
694 4089 727 4140 ut
745 4085 816 4139 mihi
835 4086 951 4154 quidam
970 4087 1090 4142 videtur.
