3158 4752
697 341 888 400 -.1-

311 520 427 606 Neque
440 522 490 600 iis,
514 545 596 606 quae
619 523 703 606 apud
725 521 807 586 alios
829 523 1002 606 scriptores
1024 521 1113 586 velut
1135 522 1220 605 apud
1233 522 1358 607 Diony-

226 624 310 688 sium
324 623 439 702 Halic,
463 622 659 702 Ciceronem,
683 624 903 702 Plutarchum,
928 623 1067 689 Gellium
1081 625 1201 708 passim
1216 625 1254 688 de
1268 624 1358 688 Thu-

227 726 347 810 cydidis
379 726 446 789 vita
468 726 630 805 invenies,
662 726 736 810 plus
771 726 871 789 tribui
901 730 1018 810 potest.
1063 726 1165 790 Paulo
1188 730 1263 810 post
1285 749 1358 790 cum

225 829 320 894 multi
334 829 379 912 Ι’5)
409 828 470 891 viri
492 827 587 906 docti,
618 831 688 890 tum
718 828 875 912 imprimis
906 829 945 892 de
968 828 1216 912 Wilamcwitzl)
1245 828 1357 892 Peter-

225 930 349 994 senium
372 932 500 993 secutus
523 933 556 992 et
576 928 708 992 illorum
719 929 977 993 testimoniorum
992 953 1074 1013 quae
1088 930 1237 994 dicuntur
1251 935 1358 994 crtum

226 1035 370 1115 repetere
389 1034 522 1095 conatus
537 1031 653 1110 omnia,
678 1053 759 1114 quae
782 1031 875 1096 nobis
897 1032 1015 1096 tradita
1034 1037 1116 1112 sunt,
1140 1033 1253 1096 subtili
1274 1033 1357 1096 iudi·

226 1134 275 1198 cio
298 1156 408 1198 rursus
430 1133 613 1216 percensuit
644 1136 677 1195 et
706 1155 810 1216 pauca
834 1133 943 1211 exiis,
967 1157 1049 1217 quae
1072 1139 1196 1199 veteres
1218 1136 1357 1199 tradide-

226 1240 314 1314 runt,
346 1236 412 1300 illis
434 1236 643 1314 testimoniis,
681 1259 777 1321 opere
800 1237 994 1321 Thucydidis
1027 1242 1059 1302 et
1081 1239 1247 1322 sepulcro,
1285 1239 1356 1316 niti,

224 1338 363 1422 plurima
382 1339 512 1402 ficta-et
534 1340 568 1402 in
591 1339 774 1404 coniectura
797 1339 903 1404 subita
918 1340 984 1404 sire
1002 1340 1137 1404 fortuita
1159 1341 1265 1424 posita
1288 1363 1356 1404 esse

224 1441 463 1505 demonstravit.
510 1440 571 1505 Sed
606 1464 678 1506 cum
714 1464 825 1505 omnes
860 1442 927 1506 fere
956 1443 1079 1507 nullam
1111 1444 1207 1507 fidem
1236 1443 1356 1506 habere

224 1542 441 1606 consentiant:
474 1542 692 1628 Thucydidem
714 1565 850 1626 puerum
873 1543 1030 1608 Herodoti
1052 1545 1233 1609 recitationi
1255 1545 1355 1608 inter·

224 1643 339 1722 fuisse,
372 1644 622 1709 aPisistratidis
645 1645 804 1730 originem
826 1647 970 1726 duxisse,
1008 1647 1160 1712 Cleonem
1191 1650 1355 1710 auctorem

225 1746 330 1810 exsilii
353 1745 470 1826 fuisse,
508 1747 572 1810 alia
602 1769 684 1832 quae
713 1747 762 1812 illi
791 1753 915 1812 veteres
945 1751 984 1813 ad
1007 1749 1151 1834 singulas
1173 1771 1223 1812 res
1251 1749 1354 1832 expli·

225 1850 340 1912 candas
363 1851 631 1934 excogitaverunt
653 1854 685 1914 et
706 1850 817 1914 multis
848 1852 932 1915 fictis
959 1851 1207 1916 narratiunculis
1238 1851 1354 1934 ampli·

224 1951 399 2015 ficaverunt
413 1955 445 2014 et
459 1956 662 2030 ornaverunt,
685 1957 802 2031 tamen,
826 1976 902 2016 num
925 1976 962 2017 ea
985 1955 1151 2031 sententia,
1171 1974 1253 2036 quae
1268 1951 1356 2015 Thu-

225 2053 369 2136 cydidem
385 2054 594 2138 Antiphontis
604 2053 796 2138 discipulum
808 2055 894 2133 facit,
911 2056 1069 2120 reicienda
1079 2056 1130 2133 sit,
1146 2053 1354 2130 dissentiunt3

225 2159 258 2219 et
280 2155 307 2218 si
329 2156 445 2220 iudicia
468 2157 507 2220 ab
530 2157 715 2221 hominibus
738 2157 840 2222 doctis
861 2159 957 2223 huius
988 2159 1102 2223 aetatis
1125 2158 1211 2221 13313
1234 2157 1355 2220 exami-

224 2259 360 2337 naveris,
384 2260 559 2323 sententias
581 2260 723 2322 invenies
745 2258 840 2342 plane
863 2260 947 2323 inter
969 2283 1002 2323 se
1026 2260 1200 2344 oppositas.

295 2361 403 2446 Atque
411 2362 639 2445 illudprimum
647 2363 819 2441 videamus,
829 2363 905 2446 quid
913 2363 973 2425 viri
983 2353 1125 2426 illustres
1135 2361 1354 2426 iudicaverint.

225 2465 444 2548 Thucydidem
452 2469 659 2548 praeceptore
674 2486 768 2527 usum
782 2486 849 2528 esse
860 2463 1060 2548 Antiphonte
1071 2464 1269 2528 Rhamnusio
1281 2485 1354 2526 ora-

223 2570 294 2630 tore
316 2567 409 2630 ncbis
431 2567 568 2630 traditur
585 2588 650 2630 non
669 2565 773 2630 solum
791 2567 831 2629 ab
845 2565 910 2630 illis
924 2566 1009 2630 vitae
1030 2567 1249 2650 scriptoribus,
1274 2585 1354 2648 quos

225 2691 321 2752 supra
345 2669 603 2746 commemoravi,
635 2691 653 2732 a
675 2667 865 2732 Marcellino
891 2669 922 2752 (ᾗ
947 2669 1015 2751 22),
1052 2670 1091 2732 ab
1115 2691 1275 2752 anonymo
1290 2668 1354 2750 ¹qui

225 2771 342 2834 dicitur
373 2772 404 2854 (ἓ
428 2772 471 2855 2),
510 2795 529 2834 3
551 2769 658 2850 Suida,
695 2771 748 2835 sed
787 2771 884 2834 etiam
920 2794 938 2834 a
970 2771 1142 2856 Tryphone
1173 2772 1219 2856 (in
1248 2769 1352 2833 Walz.

225 2873 334 2937 Rhett.
357 2895 406 2957 gr.
429 2871 510 2937 VIII
531 2897 562 2956 p.
587 2873 702 2956 750),⁷)
726 2875 766 2938 ab
789 2874 1013 2958 Hermogene,
1048 2874 1103 2958 qui
1126 2873 1254 2957 quidem
1276 2871 1353 2934 dicit

223 2975 332 3038 audire
355 2996 423 3038 sese
446 2975 566 3038 multos
588 2975 731 3039 dicentes
750 2975 969 3059 Thucydidem
983 2973 1195 3058 Antiphontis
1213 2974 1352 3056 discipu-

312 3183 331 3246 1)
350 3179 482 3234 Schoene.
502 3181 635 3234 Bursians
653 3179 871 3234 Jahresbericht.
890 3179 924 3232 Il.
943 3198 969 3248 p.
988 3179 1038 3232 811
1058 3178 1086 3232 ff.

309 3263 331 3323 ²)
350 3263 469 3329 Schcell,
487 3264 550 3330 (Zur
568 3262 946 3332 Thukydides-Biographie)
965 3263 1081 3317 Hermes
1096 3261 1162 3314 XIII
1176 3281 1202 3330 p.
1212 3261 1270 3315 433.
1291 3279 1351 3328 sqq.

309 3347 330 3413 ³)
349 3347 467 3413 aribert,
485 3349 659 3418 Philologus.
680 3349 746 3402 1879
763 3367 790 3417 p.
809 3349 868 3402 266.
887 3367 947 3416 sqq.
997 3345 1000 3350 ’

309 3434 331 3500 ⁴)
348 3434 451 3488 Miiller
465 3461 475 3471 -
489 3433 640 3502 Striibing,
683 3451 707 3486 a.
743 3433 956 3501 (Aristophanes
997 3433 1055 3486 und
1098 3431 1144 3486 die
1180 3431 1347 3486 historische

224 3519 329 3586 Kritik)
349 3519 422 3572 1873.
743 3553 746 3561 .

378 3604 404 3656 b.
423 3603 507 3668 idem,
526 3603 772 3672 Thukydideirche
791 3604 996 3671 Forschuugen.
1018 3602 1090 3655 1881.

309 3688 331 3754 ⁵)
350 3687 472 3752 Classen,
489 3689 576 3756 praef.
596 3688 763 3741 LXXXVIII
781 3707 840 3757 sqq.

310 3776 332 3835 ⁶)
351 3773 385 3826 de
403 3773 799 3828 Wilamowitz-Mocllendorf.
818 3774 946 3840 (Hermes
961 3773 1020 3838 Xll,
1040 3773 1098 3827 326.
1109 3791 1168 3840 sqq.
1191 3772 1257 3838 ,Die
1278 3771 1352 3824 Thu-

224 3856 510 3925 hydides-Legende“.

312 3942 334 4004 ⁷)
352 3941 408 3995 vid.
427 3943 577 3998 Maetzner.
596 3944 712 4012 Antiph.
732 3961 783 4008 orr,
802 3945 861 3997 XV.
883 3945 955 3998 1838.
974 3945 1060 4013 praef.
1080 3963 1107 4013 p.
1126 3943 1204 3997 Vlll:
1224 3942 1286 4007 ,,και“
1306 3940 1353 3992 τὸν

224 4025 278 4094 μὲν
302 4023 440 4098 αὐστηρὸν
470 4027 484 4076 6
509 4027 687 4095 Θουκυδίδης
717 4027 883 4102 ἐπετήδευσε
909 4035 1073 4102 χαρακτῆρα
1101 4029 1146 4078 καὶ
1169 4024 1312 4093 Ἀντιφῶν
1340 4027 1353 4076 ὁ

225 4114 323 4164 τούτου
342 4109 538 4172 διδάσκαλος.“
