3158 4752
654 339 867 399 ...17-

278 517 340 582 Sed
374 521 410 580 ut
440 518 480 581 ad
513 516 599 580 hunc
631 515 739 580 locum
770 514 881 600 (VIII,
916 517 971 599 68)
1000 517 1183 597 redeamus,
1205 518 1259 584 vel
1281 541 1321 583 err

66 650 71 660 ·
191 620 247 696 iis,
278 640 358 702 quae
382 641 479 702 supra
501 618 539 681 de
568 639 645 682 voce
676 617 794 702 (ἀρετή)
829 618 905 695 dixi,
928 622 1064 702 apparet
1097 619 1160 684 hoc
1193 641 1321 704 quoque

191 721 264 784 loco
287 720 344 783 illa
365 741 443 784 voce
467 719 655 802 scriptorem
667 741 732 782 non
745 718 844 783 talem
858 720 1020 797 virtutem,
1045 721 1173 803 qualem
1186 721 1322 785 Mellar-

193 821 311 899 Strr'ib,
336 819 503 898 Sueboda,
526 818 665 897 Fellner,
689 819 745 882 alii
767 819 886 898 dicunt,
910 821 965 883 sed
987 822 1119 884 eandem
1142 821 1322 886 liberalita-

191 927 259 986 tem
281 922 375 1005 (edle,
398 919 643 986 wohlwollende
666 919 777 983 Denk-
800 921 865 1018 und
886 919 1166 1006 Handlungsaffl)
1198 923 1322 1008 signifi·

197 1045 295 1101 casse,
318 1023 508 1106 praesertim
531 1043 613 1100 eum,
645 1026 682 1085 ut
704 1043 774 1085 eam
802 1023 869 1086 vim
889 1021 939 1085 illi
970 1023 1087 1108 (ἀρετή)
1118 1024 1322 1113 subiciamus,
1429 1044 1432 1050 ·

99 1159 107 1172 ·
193 1125 395 1208 insequentia
425 1124 523 1187 verba
552 1123 717 1206 postulare
741 1123 918 1203 videantur,
942 1125 1059 1208 quibus
1081 1125 1218 1209 scriptor
1246 1127 1324 1190 dicit

193 1228 430 1312 Antiphontem
452 1225 589 1312 gloriam
618 1230 651 1288 et
676 1226 824 1304 honores,
855 1248 936 1310 quos
957 1227 1131 1291 virtutibus
1153 1227 1228 1302 suis,
1264 1227 1322 1292 illo

194 1330 349 1394 acerrimo
371 1329 502 1414 ingenio
526 1332 558 1391 et
580 1327 774 1411 eloquentia,
798 1328 931 1410 adipisci
952 1328 1103 1411 potnerit,
1127 1350 1192 1392 non
1210 1328 1323 1412 cupide

195 1432 368 1516 appetiisse
399 1431 458 1494 illo
489 1434 643 1512 tempore,
680 1430 735 1493 sed
767 1429 945 1493 liberaliter
968 1434 1001 1492 et
1021 1429 1210 1494 innocenter
1231 1452 1323 1494 suum

194 1537 321 1617 tempus
342 1531 542 1616 temporibus
571 1531 748 1620 amicorum
770 1536 803 1594 et
832 1553 952 1610 eorum,
984 1532 1040 1614 qui
1063 1532 1190 1597 consilii
1211 1532 1324 1616 inopes

195 1635 323 1712 fuerint,
346 1635 570 1699 transmisisse.
615 1635 723 1718 Atque
747 1636 844 1698 etiam
862 1634 1073 1718 Antiphontis
1095 1635 1324 1700 liberalitatem
1379 1679 1380 1682 1

194 1737 381 1819 praedicans
402 1737 522 1800 talibus
544 1737 650 1800 verbis
673 1759 835 1819 opponere
859 1737 997 1820 scriptor
1018 1737 1099 1800 mihi
1112 1737 1238 1800 videtur
1252 1759 1325 1800 eum

195 1837 245 1901 illi
284 1839 395 1922 generi
438 1835 604 1902 rhetorum
645 1839 786 1902 eiusdem
826 1839 950 1917 aetatis,
991 1839 1047 1922 qui
1086 1839 1178 1924 quasi
1217 1839 1325 1902 cibum

197 1944 428 2023 quaestumque
457 1961 497 2002 ex
519 1939 652 2004 dicendo
680 1941 854 2022 captabant
885 1943 934 2017 et,
957 1940 1024 2004 sive
1056 1941 1141 2030 quod
1162 1939 1325 2004 ambitiosi

196 2041 262 2104 sive
288 2042 373 2124 quod
395 2041 613 2124 praemiorum
635 2041 834 2122 mercedibus
857 2041 983 2104 evocati
1005 2045 1105 2120 erant,
1137 2041 1325 2106 simulantes

197 2163 230 2205 se
253 2163 400 2206 suasores
422 2146 455 2205 et
476 2143 640 2205 ministros
661 2143 776 2226 populi
798 2163 867 2206 esse
894 2161 965 2206 cum
988 2161 1107 2228 magno
1129 2143 1325 2228 reipublicae

196 2244 389 2307 detrimento
403 2244 559 2321 dicebant,
588 2244 628 2306 ad
642 2245 855 2334 accusandum
869 2245 1110 2323 descendebant,
1133 2245 1208 2310 lites
1221 2247 1339 2309 secta?

196 2347 322 2410 bantur.
368 2345 510 2422 Quorum
533 2333 639 2409 mores
675 2350 707 2408 et
738 2346 843 2409 studia
875 2347 958 2430 apud
990 2348 1179 2431 scriptorem
1214 2345 1324 2410 multis

194 2447 275 2510 locis
298 2452 408 2531 carpta
429 2448 582 2512 videmus.
627 2446 853 2510 Memorabiles
876 2451 950 2511 sunt
972 2449 1034 2512 duo
1055 2447 1119 2512 loci
1132 2449 1166 2512 in
1179 2448 1324 2512 oratione

197 2547 325 2613 Cleonis
349 2548 420 2632 (ΙΙΙ,
449 2558 499 2618 38.
526 2549 621 2631 1—3)
654 2552 687 2612 et
702 2547 785 2632 Ι(ΙΙΙ,
808 2557 859 2616 40.
883 2549 937 2632 3.),
962 2549 1079 2632 quibus
1101 2571 1120 2613 a
1142 2549 1261 2614 Cleone
1284 2550 1324 2628 ei,

197 2671 278 2732 quos
309 2652 428 2734 ῥήτορες
450 2651 536 2730 dicit,
568 2654 757 2734 carpuntur;
780 2649 842 2714 hoc
864 2673 992 2735 quoque
1014 2651 1087 2715 loco
1111 2651 1155 2736 (V
1156 2651 1181 2716 Ι.
1206 2659 1256 2730 29,
1280 2652 1324 2736 3.)

198 2753 238 2816 ab
267 2753 456 2818 adversariis
487 2752 663 2816 Alcibiadis
691 2752 773 2816 tales
802 2753 947 2816 rhetores
985 2753 1154 2816 subornari
1188 2754 1326 2837 scriptor

198 2855 284 2918 dicit.
309 2894 347 2902 —
372 2854 521 2919 Forsitan
545 2855 703 2938 quispiam
737 2854 869 2918 dixerit:
903 2853 991 2919 Num
1019 2854 1223 2938 Antiphonti,
1252 2877 1325 2920 cum

197 2956 426 3039 perduellionis
440 2957 462 3040 ¹)
497 2978 570 3020 eum
605 2959 791 3020 accusatum
824 2956 1002 3040 capitisque
1038 2957 1224 3022 damnatum
1256 2976 1325 3022 esse

197 3279 257 3333 sich
276 3279 446 3334 aussernden
463 3279 697 3334 wohlwollenden
716 3278 894 3346 Gesinnung;
921 3296 951 3334 so
975 3278 1083 3349 spricht
1099 3278 1259 3338 Andocides
1277 3298 1325 3337 am

197 3363 326 3418 Schlusse
346 3363 394 3418 der
411 3363 488 3418 Bede
506 3363 575 3418 fiber
594 3364 639 3418 die
657 3364 811 3440 Mysterien
829 3363 900 3430 (150)
926 3381 982 3419 von
1007 3364 1111 3431 denen,
1137 3366 1243 3422 welche
1270 3366 1326 3422 den
1354 3427 1356 3432 ,

198 3449 304 3504 Beweis
323 3448 372 3503 der
390 3452 517 3518 grossten
536 3447 618 3518 ἀρετή
636 3467 728 3518 gegen
747 3449 796 3502 das
815 3449 979 3504 athenische
993 3449 1069 3504 Volk
1078 3449 1209 3520 geliefert
1217 3451 1323 3517 haben;

199 3551 228 3589 so
247 3535 376 3589 erwtthnt
392 3535 483 3603 Kyros
501 3535 548 3588 bei
566 3535 635 3589 Xen.
653 3535 754 3598 (Anah.
776 3536 797 3588 1.
807 3535 832 3600 4,
847 3535 883 3601 8.)
893 3535 938 3589 die
949 3535 1062 3590 l'rr'ihere
1071 3531 1153 3606 ἀρετή
1163 3535 1211 3590 des
1220 3535 1325 3591 Xenias

198 3619 256 3673 und
276 3619 379 3674 Parion
396 3637 489 3688 gegen
506 3619 568 3685 ihn,
588 3619 634 3674 dic
652 3619 733 3672 nicht
750 3619 937 3687 unvergclten
955 3619 1070 3675 bleiben
1087 3621 1154 3686 soll,
1179 3637 1215 3676 so
1242 3621 1326 3676 sind

196 3703 460 3759 insbesondere
487 3705 545 3760 bei
573 3704 813 3774 Thukydides
840 3704 896 3760 die
915 3704 1016 3760 Falla
1040 3705 1157 3762 dieser
1174 3705 1325 3761 Anwen·

197 3787 293 3858 dung
311 3789 625 3844 sehrzahlreich.“
701 3840 703 3846 .

285 3925 306 3992 ¹)
323 3926 576 3996 Mffller·Str1”1bing
593 3926 630 3996 (p.
649 3925 707 3980 636.
726 3925 880 3995 Aristoph.)
897 3927 981 3980 vocat
998 3941 1062 3980 enm
1081 3923 1248 3993 „geheimen
1264 3926 1326 3982 Lei·

198 4013 243 4066 ter
262 4011 311 4066 der
334 4011 560 4081 eligarchischen
577 4011 845 4078 Verschudrungen,
871 4009 1108 4064 Landesverrtter
1130 4009 1190 4064 nnd
1207 4007 1327 4080 Organi·

197 4098 275 4150 sator
293 4097 341 4151 des
359 4095 627 4152 Mouchelmordes.“
989 4103 993 4112 ·

1120 4197 1137 4249 2
