3158 4752
705 324 916 380 ..14-

243 507 279 566 ut
311 505 463 588 tyrannos
507 501 644 584 scriptor
678 501 755 564 dicit
798 501 1046 582 studuisse¹)
1085 499 1152 562 illis
1195 500 1368 563 virtutibus

244 604 348 688 (ἀρετή
363 641 404 650 -
420 603 559 686 ξύνεσις).
593 601 716 676 Quibus
738 602 870 666 vocibus
892 601 968 684 quid
990 601 1128 666 voluerit
1150 601 1296 683 scriptor,
1310 603 1367 664 (11-

244 709 316 770 cent
337 705 417 770 haec
438 705 509 788 ipsa
530 704 645 767 verba:
669 703 776 781 ,οὐδὲν
796 708 920 778 βίαιον(
945 704 1032 785 (opp.
1057 702 1188 784 δίκαιος)
1212 703 1368 784 ,ἐβούλετο

243 807 361 891 borist,
395 806 507 870 deinde
540 803 629 882 ,οὐδὲ
658 807 794 885 ἐπαχθὴς
816 799 871 882 ἢν(
901 808 934 866 et
963 803 1234 882 ,,ἀνεπιφθόνως“.
1280 801 1368 878 Quae

243 909 308 972 iam
317 907 415 971 sensit
430 905 628 982 scholiastes,
644 905 700 987 qui
719 904 860 988 ,ἀρετὴν“
882 904 1112 986 interpretatur
1127 905 1367 983 ,daxacoctqu“‚

244 1013 276 1074 et
297 1008 453 1093 Krueger,
489 1006 545 1090 qui
579 1006 708 1089 quidem
742 1005 824 1068 hanc
854 1005 942 1068 vocis
964 1004 1128 1069 notionem
1150 1006 1369 1089 angustiorem

244 1132 312 1174 esse
334 1109 529 1194 perspiciens
550 1107 627 1170 dicit
649 1107 737 1170 illam
761 1110 863 1170 artem
886 1107 1088 1189 (δικαιοσύιη)
1111 1107 1291 1190 praecipue,
1314 1107 1369 1170 sed

243 1232 307 1275 nou
330 1232 423 1274 unam
447 1208 679 1292 respiciendam
712 1229 797 1283 esse;
833 1207 1003 1274 certiorem
1035 1211 1140 1271 autem
1176 1209 1369 1274 sententiam

242 1313 311 1396 ipse
334 1333 398 1376 non
421 1309 589 1393 expromit.
635 1308 765 1372 Classen
775 1309 846 1372 voci
859 1307 984 1391 ,operest
1010 1307 1063 1372 hic
1084 1309 1232 1373 latiorem
1255 1309 1368 1373 melio·

242 1433 373 1496 remque
396 1409 700 1475 notionem-subicit
722 1408 807 1472 hunc
830 1409 937 1471 locum
954 1409 1261 1494 itainterpretatus:
1286 1433 1369 1489 „von

242 1512 327 1577 allen
350 1512 521 1596 Tyrannen
542 1513 647 1576 haben
669 1512 754 1576 disse
777 1534 829 1575 am
851 1512 999 1596 ltngsten
1021 1513 1080 1575 suf
1099 1514 1169 1578 edle
1183 1513 1370 1598 Gesinnung

244 1613 362 1699 (ripert)
386 1615 450 1677 und
471 1613 732 1698 Geistesbildung
756 1615 898 1696 (ξύνεσις)
934 1613 1040 1676 hohen
1076 1613 1193 1677 Werth
1227 1614 1375 1698 gelegt.“,

243 1713 444 1798 Quamquam
467 1737 506 1778 ne
529 1716 608 1779 haec
630 1714 853 1797 interpretatio
877 1715 1013 1798 quidem,
1046 1716 1234 1798 praesertim
1256 1737 1329 1778 cum
1351 1737 1369 1778 1

242 1815 392 1880 Classeno
425 1817 482 1880 illa
517 1818 564 1881 vis
599 1815 886 1900 (Geistesbildung)
918 1817 990 1879 voci
1013 1817 1129 1892 ξύνεσις
1151 1817 1294 1880 subiecta
1317 1816 1368 1893 sit,

242 1918 321 1982 mihi
343 1919 468 1982 videtur
490 1919 567 1982 satis
579 1920 767 2002 exprimere,
791 1919 867 2002 quid
881 1919 943 1982 sibi
956 1919 1058 1982 velint
1068 1918 1126 1981 illa
1136 1918 1244 1982 verbe.
1268 1917 1368 2000 Equi-

242 2020 315 2084 dem
346 2041 458 2084 censeo
495 2041 533 2084 ex
568 2020 633 2083 illis
668 2021 747 2103 ipsis
781 2019 943 2102 prioribus
978 2020 1084 2084 verbis
1105 2019 1254 2104 intellegi
1275 2041 1370 2102 posse

242 2140 319 2185 voce
333 2120 423 2204 ἀρετή
445 2120 506 2185 hoc
521 2143 648 2206 quoque
662 2122 733 2186 loco
750 2122 938 2205 scriptorem
949 2122 1043 2199 idem,
1057 2122 1142 2204 quod
1154 2118 1258 2202 (VIII,
1275 2129 1326 2188 68.
1343 2127 1369 2184 l.

243 2219 332 2287 eth
347 2229 396 2290 81.
413 2221 1247 2308 2.),118111111111,11111111111111“,νοοθξύνεσις
1264 2241 1370 2304 ,pru-

242 2323 438 2388 dentism“
460 2324 578 2407 (edle,
602 2324 880 2408 versttndige
902 2323 1013 2387 Denk·
1027 2324 1091 2387 und
1105 2321 1369 2407 Handlungsert).

242 2422 295 2488 An
328 2445 393 2489 non
428 2425 567 2489 studium
602 2425 805 2489 liberalitatis
841 2429 873 2487 et
895 2425 1082 2507 prudentiae
1116 2425 1220 2488 elucet
1242 2424 1277 2486 in
1300 2424 1370 2506 ipso

243 2545 370 2610 quoque
394 2526 599 2611 Hipparcho,
632 2527 659 2590 si
682 2527 810 2610 quidem
839 2527 866 2589 is
889 2527 1130 2609 potentissimus
1152 2526 1249 2590 homo
1273 2523 1370 2587 etiam

244 2630 323 2706 tum,
358 2649 430 2692 cum
465 2628 611 2712 repulsae
648 2628 757 2692 dolore
790 2627 948 2711 impulsus
971 2631 1052 2705 erat,
1090 2627 1197 2690 animo
1224 2647 1281 2689 suo
1305 2625 1370 2710 sive

243 2727 310 2792 irae
332 2729 514 2794 moderatus
536 2729 627 2808 nihil,
652 2751 715 2813 quo
738 2728 826 2814 leges
848 2732 1087 2813 perrumperet,
1111 2727 1216 2792 facere
1243 2725 1370 2790 voluit?

243 2827 325 2894 Item
348 2853 387 2894 ex
409 2831 605 2895 illisvcrbis:
629 2831 714 2910 „olor
732 2835 866 2912 ἐπαχθὴς
889 2827 943 2908 W
967 2834 999 2893 et
1022 2829 1261 2910 ,ἀνεπιφθόνως
1284 2851 1369 2888 κατε-

245 2933 393 3010 στήσατο“
429 2932 575 3018 intellegi
601 2936 709 3016 potest
730 2931 954 3016 Hipparchum
989 2936 1083 2995 antea
1115 2931 1368 3012 omnitempore

244 3033 346 3097 eidem
368 3033 554 3099 liberalitati
590 3039 623 3099 et
649 3035 837 3118 prudentiae
859 3033 1033 3110 studuisse3
1070 3033 1209 3097 studium
1243 3031 1371 3113 quidem
1412 3082 1413 3085 η

244 3155 355 3199 earum
390 3136 546 3199 virtutum
587 3137 627 3199 ab
663 3157 719 3213 eo,
761 3156 856 3218 quem
895 3134 1113 3217 importunum
1152 3131 1370 3196 violentumve

244 3239 416 3319 tyrannum
438 3237 539 3302 videri
557 3241 613 3300 aut
635 3257 703 3299 esse
726 3256 852 3318 semper
873 3235 1011 3299 veritum
1034 3256 1101 3299 esse
1125 3233 1262 3316 scriptor
1283 3232 1370 3310 dicit,

244 3335 419 3402 abiudicari
441 3359 505 3402 nou
527 3340 644 3421 potest.
668 3374 709 3383 -
731 3336 932 3419 Quemquam
954 3359 1019 3400 non
1041 3335 1135 3398 modo
1158 3335 1284 3418 priora,
1316 3333 1371 3396 sed

244 3439 341 3504 etiam
355 3439 626 3524 insequentis
648 3437 1162 3520 1111)1111111(καὶἈθηναίους
1180 3435 1368 3524 49111)

243 3541 325 3605 hanc
348 3561 417 3605 esse
438 3563 546 3605 veram
569 3544 732 3605 etrectam
746 3540 811 3604 vim
826 3539 972 3604 vocabuli
984 3538 1083 3622 alpert:
1128 3537 1178 3600 Ex
1199 3536 1250 3600 bis
1265 3535 1370 3600 verbis

331 3897 351 3962 ι)
369 3896 442 3950 bano
460 3913 519 3952 esse
537 3897 595 3950 vim
613 3912 709 3950 veram
728 3898 757 3949 et
776 3897 882 3949 rectam
902 3895 981 3949 verbi
990 3892 1163 3962 (ἐπιτηδεύω)
1177 3892 1279 3946 docent
1286 3890 1320 3954 ΙΙ,
1328 3890 1369 3943 36.

243 3980 267 4032 4.
287 3979 346 4044 Vll,
364 3979 405 4034 86.
424 3983 449 4036 1.
468 3981 570 4048 quibus
588 3981 656 4035 locis
676 3996 743 4034 voce
761 3978 956 4048 (ἐπιτήδευσις)
977 3979 1033 4032 nisi
1050 3977 1175 4031 studium
1193 3975 1266 4029 nihil
1284 3973 1370 4042 signi-

245 4062 359 4117 ficatum
379 4080 437 4119 esse
454 4066 555 4134 potest.
