3158 4752
662 323 868 384 ...25-

204 505 236 570 H
246 529 265 570 a
275 526 294 568 a
303 505 373 568 che
388 505 422 588 ¹),
439 502 579 581 Goeller,
593 502 776 593 nuperrime
788 500 919 565 Classen
932 501 979 584 (in
991 500 1092 582 praef.
1106 523 1137 583 p.
1154 499 1225 564 XV.
1240 499 1328 563 XVI.

205 611 239 670 el
261 629 292 690 p.
317 604 405 670 XXI.
431 605 549 688 XXV.)
573 603 731 667 refellisse
752 603 833 666 mihi
855 602 1011 668 videntur.

174 845 548 988 1’1111111111“111111111,
579 907 669 987 quae
696 886 879 986 Thucydid
907 889 941 964 in
968 885 1141 964 scabendi
1170 842 1306 966 ratium

144 1051 146 1054 ·
260 1038 264 1046 '
573 1043 649 1102 cum
678 1022 974 1120 1111111111.

283 1159 326 1244 ¹Si
346 1160 494 1246 scriptori
517 1181 589 1222 cum
609 1157 807 1240 Antiphonte
830 1157 1032 1221 familiaritas
1045 1157 1233 1235 intercessit,
1257 1179 1332 1222 con-

208 1267 394 1326 sentaneum
426 1265 474 1324 est
502 1261 596 1324 illum
618 1260 709 1324 annis
737 1259 920 1324 inferiorem
945 1281 983 1322 ex
1007 1259 1236 1324 consuetudine
1266 1261 1333 1326 sive

207 1361 426 1426 familiaritate
444 1359 540 1424 huius
554 1359 639 1423 haud
653 1359 821 1424 mediocris
838 1359 909 1437 viri,
934 1381 1029 1444 quern
1046 1360 1114 1443 ipse
1129 1349 1333 1440 liberalitate,

208 1463 362 1526 acerrimo
385 1461 534 1546 ingenio,
576 1461 682 1524 divina
711 1461 848 1544 quadam
879 1461 1002 1524 dicendi
1033 1459 1186 1525 facultate
1207 1467 1334 1544 praeter

208 1568 330 1628 ceteros
353 1563 498 1626 floruisse
521 1562 607 1639 dicit,
630 1560 784 1624 nonnulla
807 1561 975 1643 accepisse.
1020 1560 1128 1644 Atque
1151 1563 1334 1626 similitudi-

207 1687 280 1728 nem
303 1663 462 1754 quandam
497 1667 529 1726 11
564 1662 788 1748 cognationem
811 1662 1008 1726 ora-tionibus
1030 1661 1240 1748 Antiphontis
1262 1686 1334 1728 cum

207 1765 402 1848 Thucydidis
435 1763 570 1828 historia
600 1763 866 1847 contionibusque
902 1787 969 1828 esse
1002 1765 1067 1828 iam
1101 1768 1225 1829 veteres
1260 1775 1334 1850 per-

208 1869 396 1954 spexerunt,
420 1868 456 1927 ut
469 1864 624 1947 Tryphon
646 1864 874 1948 grammaticus
897 1867 928 1927 et
951 1863 1125 1948 Dionysius
1147 1865 1253 1933 Halic.
1277 1889 1334 1930 no-

208 1967 295 2029 mina
317 1965 527 2050 Antiphontis
563 1969 595 2028 et
625 1965 818 2048 Thucydidis
852 1965 1051 2044 consociant,
1092 1989 1164 2033 cum
1201 1971 1335 2052 uterque

191 2070 383 2134 'vetustiore
409 2090 555 2132 sermone
578 2068 687 2132 Attico
723 2067 845 2151 illoque
878 2068 1002 2132 dicendi
1033 2089 1150 2152 genere
1181 2090 1257 2132 usus
1283 2069 1335 2148 sit,

210 2172 295 2255 quod
317 2194 337 2252 a
348 2171 531 2234 rhetoribus
555 2169 699 2252 αὐστηρόν
711 2173 853 2246 vocatur,
875 2169 1028 2253 Tryphon
1046 2170 1093 2253 (in
1106 2168 1211 2235 Walz.
1226 2169 1335 2234 Rhett.

210 2291 258 2356 gr.
279 2269 360 2335 VIII
381 2295 413 2354 p.
437 2273 553 2357 750²):
590 2274 775 2357 χαρακτῆρες
805 2276 955 2354 ῥητορικοὶ
984 2279 1073 2354 τρεῖς,
1102 2277 1251 2332 τουτέστιν
1273 2270 1337 2349 εἴδη

211 2373 353 2456 φράσεων
374 2372 529 2458 αὐστηρὸν,
550 2381 652 2452 μέσον,
676 2373 784 2456 ἰσχνόν.
831 2375 894 2432 Καὶ
917 2373 1043 2450 τὸνμὲν
1065 2371 1210 2456 αὐστηρὸν
1232 2375 1335 2452 ἐπετή-

211 2473 298 2548 δτνσε
315 2477 491 2562 χαρακτῆρα
514 2475 528 2538 ὅ
554 2475 742 2554 Θουκυδίδης
765 2479 817 2536 καί
836 2473 982 2556 Ἀντιφῶν
1004 2479 1063 2536 κτὲ.
1089 2520 1096 2534 .
1133 2471 1335 2560 Dionysius')

211 2575 316 2642 Helie.
341 2577 392 2659 (de
415 2599 518 2661 comp.
541 2577 628 2642 verb.
652 2576 779 2654 Reiske‚
802 2599 833 2660 p.
860 2575 934 2658 150)
957 2573 1037 2639 haec
1058 2575 1154 2639 dicit:
1177 2579 1282 2658 ταύτης
1304 2577 1338 2642 δὲ

212 2680 262 2756 τῆς
287 2676 433 2762 ἁρμονίας
465 2680 522 2762 (sc.
554 2681 604 2756 τῆς
632 2673 798 2762 αὐστηρᾶς)
830 2683 937 2743 πολλοί
962 2682 1019 2756 μὲν
1049 2680 1183 2758 ἐγένοντο
1207 2683 1337 2758 ζηλωταὶ

211 2780 287 2846 κατά
310 2803 342 2844 τε
364 2784 486 2858 ποίησιν
509 2783 561 2842 καὶ
585 2783 721 2863 ἱστορίαν
743 2783 795 2840 καὶ
818 2779 919 2857 λόγους
941 2781 1113 2854 πολιτικοὺς
1145 2779 1339 2866 διαφέροντες

90 2883 95 2890 ’
211 2879 244 2943 di
266 2879 437 2944 τῶνᾶλλων
455 2919 494 2927 -
516 2886 545 2942 ἐν
568 2880 720 2966 δ’ίστορίρι
736 2879 933 2958 Θονκυδίδης,
955 2883 986 2940 ἐν
1007 2878 1040 2942 δὲ
1062 2885 1229 2958 πολιτικοῖς
1242 2883 1339 2962 λόγοις

299 3118 319 3185 ¹)
337 3115 480 3180 Hahsske
497 3115 538 3183 (in
554 3103 642 3185 praei.
661 3117 703 3172 ed.
723 3116 808 3172 Thnc.
826 3099 858 3185 p.¹
872 3117 930 3182 VI.)
1149 3156 1151 3162 ,

298 3201 386 3268 licta
404 3202 685 3266 1111111111111.
704 3201 755 3256 XV
773 3201 889 3270 Antiph.
922 3201 1013 3256 Berol.
1034 3201 1107 3256 1838.
1126 3201 1213 3269 prael.
1223 3219 1250 3270 p.
1264 3202 1339 3258 VIII.
1385 3279 1387 3284 Ι

298 3301 320 3367 ⁸)
339 3301 541 3371 Dionysius
559 3304 706 3370 praeterea
717 3302 923 3371 Antiphontem
939 3318 996 3356 non
1011 3301 1066 3354 nisi
1084 3317 1147 3355 raro
1161 3301 1340 3371 breviterque

214 3389 418 3440 commemorat
436 3387 470 3440 de
496 3387 565 3442 leae.
585 3405 606 3440 c.
625 3387 666 3442 20.
687 3387 726 3442 de.
746 3405 836 3456 comp.
855 3406 882 3456 p.
899 3387 941 3440 53.
961 3387 995 3440 de
1013 3385 1137 3454 Thucyd.
1157 3403 1179 3439 c.
1197 3386 1238 3440 51.
1257 3405 1279 3441 o.
1298 3390 1339 3442 53.

213 3469 272 3536 (cfr.
298 3471 411 3524 Blass.
432 3489 466 3538 a,
486 3471 528 3526 ed.
547 3472 663 3540 Antiph.
682 3472 769 3540 praef.
787 3490 813 3540 p.
832 3471 901 3525 XLI.
921 3471 956 3536 1.,
974 3469 1058 3535 idem,
1077 3469 1186 3536 (Gesch.
1214 3472 1263 3527 der
1288 3477 1339 3528 att.

214 3553 325 3608 Bereds.
336 3554 403 3624 Ipp.
418 3556 473 3619 104,
487 3556 541 3611 105.
553 3559 581 3610 et
590 3557 620 3608 in
630 3555 909 3622 adnoto-Uberius
928 3559 1014 3623 atque
1031 3553 1120 3606 fusius
1139 3553 1288 3631 Dionysius
1306 3557 1340 3612 de

215 3636 388 3705 Thucydidis
412 3657 515 3708 genere
542 3639 682 3693 scribendi
707 3639 864 3707 disputavit
881 3639 1031 3708 praecipue
1050 3637 1080 3690 in
1098 3637 1220 3706 epistula
1237 3641 1274 3694 ad
1292 3641 1340 3695 Cn.

215 3720 380 3790 Pompeium
399 3723 504 3790 scripta
522 3741 544 3778 c.
563 3723 604 3776 III
620 3743 647 3792 p.
667 3727 809 3790 767-777,
828 3725 930 3780 deinde
949 3725 983 3779 de
993 3723 1118 3791 Thucyd.
1126 3723 1260 3792 charact,
1279 3730 1340 3781 tum

214 3803 245 3868 in
263 3805 384 3873 epistula
411 3805 447 3860 ad
464 3807 633 3861 Ammaaum
658 3807 701 3872 IL,
729 3808 763 3862 de
783 3809 926 3862 Demosth.
954 3807 1061 3862 1.1-8
1084 3807 1153 3858 111.
1180 3806 1265 3864 9-10
1281 3810 1341 3877 (cfr.

215 3887 256 3947 1³1
266 3903 303 3943 as
314 3905 335 3944 s.
355 3888 452 3944 Gesoh.
473 3887 522 3943 der
531 3892 582 3942 att.
593 3889 704 3944 Bereds.
715 3890 763 3958 Ip.
774 3891 825 3945 202
836 3890 908 3958 sqq.)
925 3890 973 3943 ch.
988 3890 1062 3944 Wic
1072 3892 1092 3943 h
1102 3909 1130 3942 m
1139 3907 1214 3945 ann.
1233 3891 1341 3946 dissert.

157 4043 167 4050 .
214 3970 399 4034 1111111111
420 3973 487 4040 1878
516 3967 660 4042 ‚Dionysii
687 3975 777 4028 Halic.
804 3975 839 4030 de
866 3974 1029 4043 Thucydide
1056 3973 1166 4043 judicia
1200 3992 1290 4046 comp.
1314 3980 1343 4032 et

214 4055 436 4120 summor

126 4157 128 4163 ,
1152 4161 1189 4214 2,
