3158 4752
730 349 940 408 ..p-2...

275 528 492 614 Thucydidem
515 528 628 594 ceteris
657 544 785 612 qnoque
813 529 848 593 in
868 530 964 594 mbos
983 533 1129 595 secutum
1152 551 1220 596 esse
1250 531 1397 618 intellegi

274 636 381 716 potest
411 653 449 695 ex
480 631 529 709 iis,
551 646 635 715 qnae
661 630 862 708 heutsoh,
880 631 936 695 ille
958 631 1008 696 vir
1029 633 1239 712 doctissimus,
1262 633 1395 718 (Philol.

274 733 428 798 XXXIII.
454 740 535 802 1814
557 755 589 816 p·
615 733 688 816 155)
718 733 756 796 de
779 733 944 816 prooemio
968 733 1067 798 'Phua
1089 735 1157 818 (lib.
1187 734 1212 814 I,
1238 737 1279 820 1.)
1301 735 1394 800 sonte

272 838 424 921 disputet,
448 840 486 900 et*
510 835 531 900 J
541 835 617 899 eb'b
644 835 686 900 de
706 836 813 920 poesis
835 836 1026 901 Homericae
1054 839 1246 904 anctoritate
1272 839 1359 904 dioit.
1372 841 1395 923 ¹)

360 957 478 1034 Quodsi
507 972 572 1020 non
599 958 656 1033 est,
686 975 746 1018 our
777 955 971 1019 oonioiamus
993 954 1209 1040 Thucydidem
1239 961 1273 1022 et
1301 957 1396 1022 Anti·

273 1061 428 1146 phontem
460 1081 478 1123 a
510 1057 630 1143 Gorgia
665 1057 778 1121 studiis
810 1057 980 1123 rhetoricis
1012 1059 1152 1124 imbutos
1185 1064 1241 1124 aut
1269 1061 1303 1123 in
1338 1081 1397 1124 usn

273 1163 449 1249 figurarum
473 1183 546 1226 eum
568 1162 710 1228 imitatos
734 1181 811 1241 esse,
834 1183 874 1226 ne
896 1161 1063 1245 probabile
1086 1163 1214 1246 quidem
1235 1183 1304 1227 esse
1318 1161 1397 1226 mihi

273 1267 398 1330 videtur
429 1269 600 1348 utrumque
630 1263 792 1330 obsoletas
822 1285 860 1328 ao
891 1265 1078 1349 peregrines
1107 1263 1264 1350 formas2)
1297 1265 1397 1348 Attici

273 1369 428 1434 sermonis
468 1372 597 1433 auctore
634 1367 753 1454 Gorgia
784 1367 837 1431 bio
871 1366 939 1430 illio
975 1367 1185 1451 usurpavisse.
1241 1367 1334 1431 Certe
1365 1372 1398 1432 et

274 1471 506 1555 Antiphontem
536 1475 570 1534 et
601 1469 838 1554 Thucydidem,
872 1473 1046 1554 antequam
1079 1468 1218 1555 Gorgias
1254 1470 1397 1534 Athenas

273 1575 421 1659 prinoeps
456 1573 628 1658 legationis
663 1575 778 1638 misens
814 1577 914 1651 esset,
949 1573 1146 1658 tragicorum
1175 1571 1397 1638 auctoritatem

274 1681 418 1754 secutos,
450 1697 586 1760 quorum
626 1675 753 1760 quidem
790 1675 895 1739 studia
929 1674 1092 1739 nonnullis
1127 1675 1241 1760 loois')
1273 1676 1397 1739 elusere

272 1780 436 1856 ridentur,
467 1778 587 1842 eisdem
615 1776 683 1842 fere
711 1777 839 1856 formis,
877 1799 956 1861 quas
987 1777 1070 1861 apud
1092 1779 1233 1864 tragicos
1265 1777 1397 1841 usitatas

273 1903 342 1947 esse
364 1883 517 1956 viderent,
536 1901 612 1944 usos
633 1902 703 1945 esse
726 1903 849 1945 censeo.
894 1879 1095 1963 Thucydides
1117 1881 1256 1965 quidem,
1279 1879 1397 1964 quippe

272 1986 329 2070 qui
364 1989 396 2049 et
425 1983 585 2068 sophistes
606 1983 676 2067 (lib.
708 1982 773 2062 111,
797 2005 824 2048 o.
848 1992 898 2052 38.
929 1991 1020 2051 1-3.
1048 1984 1091 2067 7.)
1112 1987 1223 2067 oarpnt
1246 1986 1278 2046 et
1299 1981 1398 2046 libros

271 2110 347 2153 snos
387 2089 536 2166 ,κτῆμα
569 2091 605 2162 ἐς
634 2086 717 2149 ssa*
749 2087 860 2170 'potius
891 2107 987 2170 quam
1027 2086 1257 2166 ,ἀγώνισμα
1293 2091 1328 2161 ἐς
1358 2088 1397 2147 τὸ

273 2191 519 2275 παραχρῆμα
555 2187 744 2251 ἀκούειν’*
780 2189 824 2272 (id
851 2191 901 2252 est
931 2191 1092 2252 oertamen
1119 2187 1295 2272 praesentis
1316 2187 1398 2251 reol-

269 2293 403 2358 tstlonis
434 2292 500 2357 sire
523 2290 722 2375 triumphum
743 2289 970 2374 rhetoricum⁴t
995 2289 1093 2354 horae
1123 2290 1335 2375 mome'nti)³a
1366 2311 1399 2354 se

275 2397 469 2481 compositos
508 2417 576 2459 esse
615 2393 717 2473 dicat,
758 2393 820 2458 sibi
856 2392 978 2477 aliquid
1018 2413 1091 2456 oum
1129 2393 1260 2479 tragicis
1301 2414 1398 2476 quam

275 2523 347 2564 oum
378 2499 523 2583 sophista
551 2495 756 2581 peregrinum
794 2495 943 2579 quiddam
978 2497 1111 2563 sonante
1141 2495 1292 2560 maluisse
1318 2493 1398 2558 mihi

274 2603 408 2666 videtur.
452 2599 571 2665 Nesoio
594 2621 635 2662 an
657 2602 788 2662 auctore
810 2597 1010 2682 Antiphonte
1032 2601 1143 2682 poetes
1167 2602 1199 2662 ot
1220 2598 1398 2662 Homerum

272 2709 307 2768 et
336 2705 477 2789 tragicos
507 2705 635 2768 secutus
666 2701 716 2765 sit.
761 2700 962 2785 Quamquam
993 2700 1199 2784 scriptorem,
1232 2700 1397 2784 cumipse

275 2806 495 2892 cognovisset,
548 2826 611 2888 qua
662 2803 755 2868 leude
807 2806 921 2888 poetae
970 2803 1085 2888 tregia
1138 2803 1321 2869 floruissent
1366 2805 1399 2866 et

275 2907 441 2972 etiamtum
470 2906 631 2984 florerent,
665 2909 698 2969 et
727 2905 940 2970 intellexisset
970 2905 1117 2992 vulgaris
1153 2910 1185 2971 et
1214 2903 1398 2991 quotidiana

275 3033 378 3096 neque
394 3033 428 3075 se
441 3032 544 3094 neque
559 3030 728 3086 summurn,
748 3009 833 3093 quod
847 3007 1007 3092 elegisset,
1031 3013 1255 3094 argumentum
1277 3009 1397 3083 decere,

278 3115 384 3198 ipsum
407 3112 497 3176 nullo
519 3115 649 3176 auotore
671 3109 795 3194 aliquot
825 3109 945 3174 formas
975 3115 1008 3175 et
1029 3112 1136 3191 verba,
1165 3133 1247 3196 quae
1269 3111 1308 3174 ad
1331 3109 1399 3174 eins

275 3215 455 3301 argumenti
477 3214 669 3299 mediatem
694 3217 729 3277 et
755 3212 944 3298 dignitatem
968 3217 1044 3298 apta
1070 3213 1262 3292 viderentur,
1287 3233 1326 3276 er
1348 3211 1399 3276 his

365 3473 385 3537 1)
403 3469 455 3526 Die
474 3469 569 3524 Reden
589 3468 637 3523 des
655 3468 845 3538 Thukydidss,
864 3469 954 3524 ubere.
973 3469 1398 3530 vonImelmann.l3erlin1888.

274 3553 606 3625 nfflmussm

361 3643 382 3708 2)
402 3639 469 3694 Dion
497 3638 657 3693 litterarum
685 3655 720 3711 ρσ
738 3642 767 3694 et
784 3655 821 3692 ur
838 3638 1063 3694 coniunctionem
1081 3639 1142 3708 (pro
1160 3639 1272 3708 vulgari
1290 3637 1333 3714 ρῤ,
1351 3645 1399 3704 tq)

276 3727 354 3781 velut
370 3729 477 3796 θάρσω,
494 3728 635 3796 θαρσύνω,
653 3723 821 3797 θαρσαλέος
847 3723 984 3789 θάλασσα,
1003 3722 1106 3793 ἥσσων,
1124 3729 1255 3795 πράσσω
1281 3723 1331 3782 ξύν
1348 3739 1398 3793 pro

274 3815 342 3876 co'v;
360 3809 389 3871 c<
405 3828 455 3881 pro
473 3811 512 3871 stc
529 3837 563 3848 -
580 3809 645 3864 alia.

362 3897 384 3961 ⁸)
402 3896 450 3950 olr.
478 3896 582 3965 Poppo.
607 3895 664 3964 lp.
682 3894 733 3948 239
751 3913 811 3963 sqq.
847 3894 934 3948 Blass.
958 3894 972 3947 Ι
996 3913 1022 3964 p.
1050 3895 1097 3948 117
1123 3911 1183 3962 sqq.
1210 3911 1236 3964 p.
1263 3894 1313 3950 205
1338 3910 1398 3961 sqq.

275 3983 381 4050 Hoppe,
400 4000 426 4051 p.
444 3983 486 4035 47.
522 3980 601 4036 Jebb.
619 3999 646 4050 p.
667 3981 706 4034 15.
730 3981 771 4034 31.
788 3981 830 4038 48.
856 4013 890 4024 -
918 3979 1029 4034 Gnnion
1054 3979 1239 4043 Rutherford,
1262 3979 1328 4046 (Zur
1346 3979 1398 4034 Ge·

151 4051 157 4066 ’
275 4065 400 4120 sobiobte
419 4065 467 4120 des
485 4065 658 4131 nunciamus,
676 4065 817 4119 ubersetzt
835 4083 890 4120 von
908 4065 1012 4119 Funok.
1034 4064 1118 4131 1883.)
1135 4084 1162 4134 p.
1180 4063 1231 4118 362
1249 4083 1309 4134 sqq.

358 4155 381 4218 ⁴)
396 4152 447 4206 εῖτ.
465 4151 544 4206 Jebb.
564 4170 589 4219 p.
611 4153 632 4206 l.
