3158 4752
697 305 909 366 ..20-

234 483 401 562 Swoboda,
430 482 782 569 Miiller·Striibingius‚
806 483 927 548 Herbst
937 486 961 567 ¹)
990 484 1100 548 laudes
1122 483 1266 548 minuere
1293 487 1362 547 stu·

234 587 319 664 dent,
347 607 420 650 cum
442 607 554 650 vocem
580 584 670 670 ἀρετή
702 585 742 648 ad
763 585 863 650 vitam
885 586 1054 650 honestam
1076 589 1220 669 spectare
1243 590 1363 671 negant

235 692 268 752 et
290 710 364 752 eum
385 687 455 752 sola
477 686 680 771 eloquentiae
709 685 803 750 laude
832 691 887 752 aut
910 687 1065 752 acerrimo
1088 687 1218 772 ingenio
1248 688 1362 752 florere

234 789 357 856 volunt.
403 788 557 854 Diversae
587 792 695 852 autem
729 788 814 852 inter
843 810 877 852 se
900 793 974 852 sunt
996 789 1174 853 sententiae
1196 790 1234 854 de
1257 811 1361 868 causa,

235 913 317 976 quae
347 890 496 974 scriptori
525 889 623 954 fuerit
653 890 693 954 ad
721 890 949 973 praedicandas
983 891 1118 980 virtutes
1141 889 1362 974 Antiphontis.

234 993 367 1058 Minime
390 994 519 1056 firmum
541 991 803 1074 adprobandum
838 1013 906 1056 esse
941 992 1021 1056 mihi
1044 991 1170 1056 videtur
1200 992 1246 1070 id,
1279 995 1364 1076 quod

235 1095 393 1162 Swoboda
424 1093 585 1179 (Thulryd.
616 1091 792 1168 Quellenst.
829 1115 860 1176 p.
890 1094 943 1175 25)
966 1093 1104 1176 profert:
1141 1092 1246 1158 Wozu
1277 1095 1362 1159 disse

233 1198 409 1262 besondere
430 1196 604 1278 Betonung
631 1194 685 1258 des
709 1193 903 1260 Verstandea
929 1195 983 1258 bei
1006 1194 1198 1278 Antiphon?
1229 1243 1362 1261 .....

189 1324 191 1328 ·
234 1301 290 1364 das
304 1299 377 1364 echt
390 1296 581 1362 historische
589 1294 963 1381 Gerechtigkeitsgefiihl
974 1298 1091 1380 drdngt
1102 1295 1157 1359 ihn
1170 1297 1231 1360 den
1242 1298 1361 1382 geistig

233 1401 453 1466 bedentenden
475 1397 643 1480 Antiphon
671 1418 777 1482 gagen
807 1399 868 1462 den
898 1399 1188 1484 abgesohmackten
1210 1398 1365 1464 Vorwnrf

234 1505 290 1567 der
314 1503 457 1575 ἀξυνεσία
480 1501 515 1564 in
528 1499 646 1564 Schutz
668 1522 708 1564 zu
720 1500 875 1564 nahmen“
899 1550 906 1563 .
931 1551 937 1565 .
963 1550 970 1564 .
994 1549 1002 1565 .
1026 1506 1085 1566 etc.
1130 1502 1220 1566 Haec
1233 1501 1362 1584 quidam

235 1608 268 1668 et
290 1604 408 1670 similia
430 1606 563 1688 propter
586 1623 623 1666 ea
644 1601 847 1686 potissimum
870 1604 1007 1686 probare
1029 1625 1094 1668 non
1116 1625 1256 1687 possum,
1280 1603 1365 1687 quod

234 1706 432 1790 scriptorem,
447 1704 504 1788 qui
520 1704 559 1768 de
583 1703 728 1786 paucis
739 1704 765 1788 ²)
781 1704 980 1787 aequalibus,
999 1705 1055 1788 qui
1077 1705 1162 1769 inter
1175 1727 1250 1770 suos
1271 1726 1365 1788 prae-

234 1808 371 1884 stabant,
398 1805 517 1890 paucis
539 1805 646 1870 verbis
668 1806 860 1870 sententiam
881 1828 972 1870 suam
995 1806 1080 1884 dicit,
1104 1805 1251 1888 pluribus
1273 1810 1305 1870 et
1325 1806 1366 1872 iis

236 1907 443 1992 amplissimis
451 1907 557 1971 verbis
565 1907 892 1990 inAntiphonteputo
902 1929 966 1970 non
975 1912 1246 1988 commoraturum
1256 1908 1365 1986 fuisse,
1463 1915 1466 1920 '

236 2011 264 2074 si
299 1995 402 2074 solam
437 2008 559 2093 ingenii
581 2009 835 2094 magnitudinem
869 2009 1053 2093 praedicare
1084 1994 1122 2074 et
1148 2031 1221 2074 eum
1243 2011 1283 2074 ab
1305 2009 1363 2072 illa

235 2112 379 2184 ἀξυνεσία
392 2109 562 2174 defendere
575 2110 740 2175 voluisset.
785 2110 877 2186 Quod
896 2112 924 2175 si
937 2111 984 2175 ita
997 2115 1090 2190 esset,
1112 2133 1177 2176 non
1189 2115 1269 2196 puto
1283 2111 1361 2176 scri·

237 2320 302 2378 nat
324 2314 439 2394 ἃγνοίη
463 2317 594 2394 εἰπεῖν“,
616 2315 671 2379 sed
693 2315 820 2380 sublato
844 2316 920 2400 (τε);
947 2315 1056 2403 ,ἀρετῇ
1078 2315 1196 2392 octavu
1219 2315 1366 2399 δεύτερος,

237 2419 396 2502 κράτιστός
417 2443 459 2481 cs
482 2463 564 2480 ....
599 2423 662 2480 aul
686 2419 707 2479 ἃ
728 2424 811 2498 γνοίη
827 2465 834 2480 .
850 2467 857 2480 .
873 2425 915 2495 .“‚
938 2422 971 2482 et
994 2439 1106 2483 vocem
1127 2419 1243 2504 (ἀρετή)
1266 2440 1366 2502 aeque

236 2518 416 2583 accuratius
426 2519 544 2602 exponi
550 2541 644 2603 posse
652 2520 774 2584 verbis:
788 2523 1034 2600 ,ἐνθυμηθῆναιιι
1049 2559 1088 2570 -
1100 2558 1138 2568 -
1150 2526 1233 2600 γνοίη
1245 2523 1361 2583 εἰπεϊν“

237 2625 334 2704 atque
349 2621 459 2699 eadem
486 2642 549 2685 vox
570 2621 621 2685 his
641 2621 748 2686 verbis
771 2623 957 2708 exponitur:
987 2625 1079 2710 βουλῇ
1107 2648 1139 2685 τε
1170 2625 1229 2704 νυῷ
1262 2648 1294 2686 τε
1325 2625 1364 2688 ab

237 2721 380 2787 Homero
395 2721 521 2806 (Odyss.
535 2721 609 2801 ΧΠ,
625 2723 729 2806 211.):
756 2725 850 2802 „aare
870 2729 921 2786 not
937 2725 1092 2812 1196νέμῇ
1111 2724 1213 2810 ἀρετῇ,
1228 2726 1318 2810 βουλῇ
1334 2749 1365 2787 τε

238 2826 296 2905 νυῷ
319 2849 350 2886 τε
372 2827 565 2906 ἐκφύγομεν.“
613 2825 666 2889 An
688 2846 753 2889 non
775 2848 884 2890 censes
911 2825 964 2890 vel
984 2827 1064 2890 haec
1084 2848 1186 2910 pauca
1208 2827 1315 2904 verba,
1339 2827 1366 2890 si
1401 2816 1409 2829 ’

238 2926 375 3009 scriptor
396 2927 477 2990 illud
503 2928 671 3007 voluisset,
705 2929 877 2993 suffectura
899 2927 1014 2992 fuisse:
1038 2929 1090 2990 οὐκ
1113 2929 1252 3005 calvam
1275 2919 1365 3006 εἶναι,

240 3027 356 3111 quibus
378 3029 485 3092 verbis
507 3029 684 3114 Phryniohi
706 3029 962 3114 magnitudinem
983 3029 1106 3115 ingenii
1129 3029 1232 3114 (VIII,
1258 3037 1307 3096 27.
1333 3031 1389 3112 5)1

239 3129 463 3213 praedicat-
487 3131 644 3196 authaeo
677 3132 792 3194 verba:
828 3131 902 3215 ἀνὴρ
932 3129 998 3194 οὔτε
1028 3135 1127 3195 εἰπεῖν
1160 3131 1225 3196 οὔτε
1253 3135 1366 3213 γνῶναι

239 3229 418 3316 dddvucog')
442 3271 482 3281 -
506 3237 562 3298 aut
583 3233 663 3298 haec
684 3255 787 3316 pauca
808 3233 925 3297 verba:
948 3234 1021 3319 ἀνὴρ
1045 3240 1097 3296 καὶ
1120 3235 1237 3311 ξυνετὸς
1268 3233 1367 3297 dcxciv

239 3425 444 3434 -——..-..

325 3539 715 3607 1)611.Ρ111161.42.ρ.761.
742 3537 791 3591 ubi
817 3539 867 3593 1116
895 3539 993 3594 doctus
1016 3538 1066 3604 vir,
1093 3555 1157 3592 cum
1186 3539 1255 3594 haec
1282 3538 1366 3592 dicit:

240 3623 287 3690 „in
305 3623 369 3678 dem
388 3641 425 3677 an
444 3623 573 3677 Einsicht
597 3622 656 3676 und
673 3622 887 3678 Beredaamkeit
914 3623 964 3676 das
982 3624 1057 3677 Mass
1083 3623 1132 3678 der
1152 3624 1367 3692 gawdhnlichen

239 3709 391 3764 Mensohen
408 3709 475 3764 weit
497 3707 710 3776 iiberragendan
727 3708 890 3778 Antiphon“
915 3737 945 3748 -
964 3726 998 3764 ex
1015 3710 1069 3764 hoc
1087 3709 1147 3766 loco
1166 3709 1251 3775 (VIII,
1269 3709 1311 3774 68,
1334 3709 1367 3776 1.)

235 3789 310 3846 'duas
328 3793 447 3848 virtutes
466 3792 574 3848 elucere
592 3793 662 3846 vult.
883 3828 886 3833 -

324 3877 347 3942 ¹)
365 3875 395 3930 id
413 3876 489 3945 quod
507 3875 581 3930 infra
600 3876 848 3932 demonstrabitur.

324 3980 347 4045 θ)
365 3977 467 4046 quibus
484 3978 578 4034 verbis
595 3978 681 4033 Thus.
700 3979 786 4052 paulo
804 3980 869 4050 post
886 3978 963 4040 (VIII
981 3979 1022 4036 68.
1040 3979 1083 4046 4.),
1102 3981 1135 4033 ut
1159 3978 1366 4034 Theramenem

240 4063 326 4120 laude
343 4062 457 4130 afficiat,
475 4062 573 4120 utitur.
