3158 4752
699 303 911 374 -aa-ae

248 482 470 564 ,κατεπλήξατο
492 483 559 558 τοὺς
580 479 742 560 Gauianus
763 487 830 544 πθ
855 481 978 564 (Tium),
1009 480 1166 558 ,ἐξέπληξε
1187 480 1254 554 τοὺς
1272 479 1352 557 Ἀθη

245 589 345 660 ναίους
367 589 434 648 νιὲ“
463 582 584 666 (Diod.)
607 581 716 652 laudes
738 580 878 666 Gorgiae
907 581 1002 646 nimis
1030 581 1130 650 elatas
1153 601 1221 647 asae
1243 601 1366 650 censen.

232 683 412 760 'Timaeum
443 683 572 768 quidem
602 705 667 754 non
692 705 766 754 raro
788 683 883 756 fidem
905 684 1052 768 augendo
1073 683 1274 766 superiecere
1296 683 1367 766 qua

236 789 293 856 est
315 785 394 868 quin
422 784 611 868 cognoverit
643 784 801 866 imprimis
834 806 873 852 ex
894 783 978 854 libro
1001 781 1065 849 XII
1086 782 1225 867 Polybii.
1239 784 1262 866 ¹)
1302 783 1367 856 an

244 891 362 964 autem,
385 886 441 972 qui
461 887 568 965 dicant
584 885 762 968 principem
776 884 929 969 Gorgiam
947 885 1119 963 schemata,
1135 907 1216 968 quac
1230 883 1368 968 Gorgiae

244 989 403 1066 dicuntur,
413 1008 583 1074 usurpasse
596 989 651 1050 aut
661 987 828 1064 invenisse,
837 989 875 1056 ut
883 986 989 1070 ipsum
998 1007 1126 1069 quoque
1136 985 1367 1069 Ciceronem).

245 1111 351 1158 errare
364 1087 461 1175 paulo
476 1085 550 1173 post
563 1087 744 1153 viderimus.
768 1085 913 1153 Nimium
924 1087 1046 1170 primus
1058 1082 1206 1158 Timaeus
1220 1087 1369 1156 tribuisse

244 1190 383 1276 Gorgiae
406 1189 486 1256 mihi
508 1189 642 1256 videtur.
686 1187 801 1272 Neque
824 1189 909 1254 enim
931 1210 970 1258 ex
992 1189 1125 1258 servatis
1142 1188 1234 1260 libris
1247 1188 1367 1266 aarum,

244 1293 300 1380 qui
332 1295 405 1360 ante
428 1289 595 1357 Timaeum
625 1291 663 1359 de
686 1288 807 1374 Gorgia
837 1290 1047 1374 scripserunt,
1079 1294 1134 1362 aut
1164 1289 1369 1362 Isocratis

244 1396 299 1458 aut
331 1391 525 1456 Platonis
556 1380 749 1475 cognoscere
780 1413 948 1474 possumus
992 1390 1145 1475 Gorgiam
1175 1391 1369 1461 rhetoricam

245 1497 346 1560 artem
369 1493 527 1558 invenisse
550 1495 581 1556 et
602 1492 742 1575 primum
763 1491 822 1564 illa
843 1492 1014 1569 schemata,
1038 1513 1120 1574 quae
1143 1493 1173 1556 ei
1191 1513 1263 1561 cum
1275 1491 1369 1562 multi

245 1616 339 1677 saepe
363 1597 432 1658 tum
454 1593 613 1661 Diodorus
642 1597 674 1658 et
696 1591 806 1658 Cicero
830 1593 1026 1671 tribuerunt,
1049 1615 1228 1676 usurpasse.
1272 1591 1370 1661 Illum

141 1743 142 1748 η
249 1695 436 1782 ,Gorgiam“
462 1695 642 1781 dialogum,
674 1695 708 1760 in
738 1716 801 1778 quo
826 1693 993 1760 Platonem
1027 1698 1199 1777 praecepta
1221 1693 1370 1764 Leontini

164 1881 166 1886 Ι
245 1797 405 1883 despicere
437 1800 533 1882 amne
563 1818 622 1878 pro
652 1795 753 1861 nihilo
784 1799 898 1878 putare
928 1797 1087 1873 videmus,
1124 1796 1279 1878 scriptum
1300 1817 1370 1861 ease

245 1901 431 1980 propterea,
464 1898 549 1980 quod
585 1896 678 1964 Plato
715 1897 783 1960 eius
817 1897 947 1981 ingenio
983 1896 1145 1974 inviderit,
1181 1918 1275 1964 nemo
1311 1900 1369 1974 aa,

245 1997 301 2079 qui
343 1995 534 2078 Dionysium
547 1997 570 2080 8)
617 1999 743 2063 secutus
782 1997 879 2063 etiam
910 2018 1013 2075 nnnc,
1054 1998 1139 2080 quod
1172 1997 1369 2081 intellegam,

245 2097 338 2163 dicat.
371 2095 427 2160 cfr.
451 2095 540 2164 Fons.
563 2095 585 2158 I.
609 2095 630 2160 l.
648 2118 684 2186 P·
710 2102 760 2164 27.
783 2118 853 2180 sqq.
874 2134 912 2142 —
935 2095 1037 2163 Blass.
1061 2096 1085 2162 I.
1109 2120 1140 2180 p.
1154 2105 1204 2165 50.
1220 2135 1259 2144 -
1274 2097 1370 2181 Apud

245 2197 567 2280 Aristophanem
599 2195 738 2280 Gorgiae
773 2219 890 2263 nomen
917 2199 1014 2262 etiam
1045 2220 1119 2265 ¹cum
1149 2198 1368 2282 Philippil)

246 2299 409 2366 cuiusdam
443 2299 572 2366 nornine
603 2298 809 2368 coniunctum
837 2299 981 2367 videmus
1010 2300 1044 2366 in
1066 2322 1114 2364 av.
1138 2301 1181 2383 (v.
1207 2309 1299 2372 1694.
1322 2301 1369 2372 ad.

334 2506 353 2570 1)
372 2503 433 2556 Huc
460 2502 637 2557 referendum
664 2503 707 2556 est
733 2502 805 2555 illud
832 2503 933 2571 Polybi
959 2503 1017 2561 (lib.
1045 2503 1106 2568 XII,
1133 2505 1173 2570 lt:
1211 2506 1267 2569 ,Gra
1284 2503 1371 2564 πολλὰ

168 2603 171 2606 ·
247 2584 457 2656 {respersisse
474 2585 616 2654 illaesos
634 2584 742 2651 xtl“,et
754 2584 926 2654 ,repauset
944 2587 1028 2656 μείζω
1045 2591 1122 2642 ποιεῖ
1139 2586 1304 2654 Rucuma
1317 2593 1372 2638 τῶν

246 2666 473 2736 ἐπιφανεστάτων
509 2674 587 2721 θεῶν.
611 2665 681 2724 seseq
718 2670 778 2738 (lib.
809 2670 868 2724 XII.
900 2671 951 2740 23).
1008 2671 1056 2727 cfr.
1088 2671 1234 2731 Nicolai.
1265 2671 1370 2740 gdech.

247 2753 431 2890 Litggraturg.
450 2754 484 2808 II.
502 2773 530 2823 p.
550 2757 598 2808 166
616 2772 676 2823 sqq.
707 2753 885 2810 Schaefer.
921 2755 1017 2809 Abriss
1042 2755 1091 2810 der
1109 2753 1329 2820 Quellenlrunde.
1348 2755 1369 2814 l.
1456 2806 1458 2810 .

245 2856 272 2908 p.
342 2855 403 2906 sqq·

332 2941 354 3002 2)
372 2939 420 2992 cfr.
439 2938 494 2996 eis.
513 2956 552 2996 or.
571 2955 593 2992 c.
611 2939 645 2992 62
663 2939 679 3006 θ
699 2940 765 2994 175ι
796 2939 891 3009 ‚paria
908 2939 1023 3008 paribus
1041 2940 1176 2995 adiuncta
1194 2944 1223 2996 ct
1240 2941 1371 2997 similiter

249 3020 365 3076 delinita
383 3021 509 3090 itemque
520 3023 667 3077 contrariis
676 3023 768 3078 relata
777 3023 918 3078 contraria
928 3063 934 3076 .
945 3063 968 3076 ..
984 3023 1101 3094 Gorgias
1110 3025 1217 3094 primus
1229 3026 1339 3081 inuenit
1345 3027 1370 3092 ;“

246 3107 316 3164 itam
335 3125 357 3164 c.
376 3107 418 3162 49.
438 3106 528 3174 §ibba
547 3106 597 3172 „Iu
614 3106 697 3163 huius
715 3107 915 3164 concinnitatis
923 3109 1131 3165 consectatione
1142 3109 1277 3177 Gorgiam
1286 3110 1370 3165 fnisse

246 3191 401 3265 principem
422 3190 605 3260 accepimus.“

260 3286 263 3292 ·
333 3276 356 3342 ⁸)
374 3275 422 3330 cfr.
441 3275 555 3344 Dionys.
573 3293 616 3344 ep.
633 3275 672 3330 ad
689 3276 786 3344 Pomp.
806 3276 863 3341 756,
881 3275 931 3330 ubi
944 3275 1014 3330 dicit
1031 3277 1121 3332 mneos
1139 3295 1197 3333 ease
1216 3295 1234 3332 a
1247 3279 1370 3338 'Platona
1427 3303 1432 3314 ·

249 3358 456 3424 Parmenidem,
483 3357 627 3429 Hippiam,
653 3361 848 3428 Protagoram,
866 3360 1024 3426 Prodicum,
1050 3361 1236 3430 Gorgiam,
1262 3363 1369 3428 Polum,

247 3444 439 3510 Theodorum,
466 3443 710 3514 Thrasymachum
735 3444 861 3512 aliosque
888 3445 993 3500 multos
1010 3449 1173 3514 propterea,
1200 3447 1276 3515 quod
1294 3441 1369 3516 ,,ἦν“,

247 3532 280 3589 ut
290 3529 353 3588 eiu·
367 3527 459 3582 verbis
474 3530 548 3593 utar,
558 3521 619 3596 ,te
634 3527 688 3598 μὲν
705 3529 736 3598 τῇ
754 3527 902 3588 Πλάτωνος
921 3532 1010 3595 φύσει,
1028 3529 1130 3590 πολλὰς
1147 3527 1369 3603 &praesignem

247 3611 277 3662 τὸ
297 3609 450 3678 φιλότιμον.
1125 3663 1128 3672 ,
1285 3661 1288 3666 .

332 3699 354 3762 4)
373 3694 553 3766 DePhilippn
564 3694 663 3748 scribit
680 3695 811 3764 Bergk:
834 3695 1012 3764 ,Philippum
1030 3701 1179 3766 oratorem,
1196 3699 1245 3770 qui
1259 3699 1370 3754 dicendi

248 3779 385 3834 facultate
412 3778 576 3850 abuteretur
603 3779 640 3831 ad
658 3779 905 3846 calumniandum,
930 3780 1106 3850 eundemque
1123 3783 1303 3854 peregrinum
1321 3784 1370 3841 hn-

248 3865 353 3917 minem
371 3862 457 3918 fuisse
474 3861 569 3930 arguit
586 3862 690 3918 Avium
710 3863 801 3916 locus“
822 3862 881 3930 (cfr.
900 3863 987 3929 Koch,
1007 3865 1048 3918 ed.
1068 3883 1111 3920 av.
1130 3885 1155 3920 v.
1177 3869 1241 3925 1701
1260 3867 1369 3932 adnot.)

249 3951 425 4022 ,γιανοῦργαν
443 3944 720 4018 ἐγγλωττογαστόρων
736 3950 872 4019 γένος
887 3952 1024 4023 βάρβαρον
1042 3945 1142 4009 δ’τῖσῐν
1158 3953 1371 4024 peragramus

248 4046 278 4082 aa
294 4029 340 4081 aet
360 4030 520 4082 ‘balenum‘
