3158 4752
660 308 873 369 ..31-

199 491 253 572 (ex
273 487 371 574 Gorg.
390 488 516 553 Platon.
538 509 564 552 c.
580 495 609 556 3.
632 510 663 571 p.
678 443 750 557 lla.
765 487 793 552 Β
806 489 848 572 ¹):
871 492 1119 568 »ἐπαγγέλλομαι
1133 515 1167 569 γε
1183 491 1219 570 δὴ
1234 494 1328 555 ταῦτα

200 591 239 653 οὗ
262 591 377 670 μόνον
396 589 545 652 ἐνθάδε
568 589 669 651 ἀλλὰ
693 594 758 651 καὶ
776 586 953 666 dttodffl,
966 610 1006 651 ex
1019 589 1327 672 quibusverbsPlu·

198 692 285 756 tonis
299 691 452 776 Gorgiam
471 691 588 756 iterum
611 713 648 754 eo
671 690 794 754 venisse
817 687 1036 768 Susamihl,
1060 691 1116 755 illa
1138 693 1188 756 vir
1209 693 1328 759 doetis-

200 794 318 872 simus,
349 815 452 876 nuper
482 793 619 857 coniecit
648 793 683 856 in
704 791 788 856 Arm.
812 790 925 874 philol.
949 789 1038 855 GXV
1060 793 1172 878 (1877)
1200 817 1231 878 p.
1256 804 1327 866 798.

202 894 289 970 Quae
321 897 429 958 autem
459 894 619 959 Diodorus
650 893 776 960 Siculus
799 894 820 958 l.
843 893 864 958 l.
887 893 972 957 infra
1006 895 1104 958 tradit
1133 895 1184 959 his
1206 897 1328 962 verbis:

202 991 286 1071 οὗτος
308 1001 361 1058 καὶ
383 1003 513 1078 τέχνας
534 997 767 1081 ῥητοριικὰς
788 996 945 1080 πρῶτος
976 996 1127 1086 ἐξεῦρεν
1149 1043 1156 1056 .
1181 1044 1189 1058 .
1214 1045 1221 1058 .
1247 993 1330 1074 οὗτος

202 1094 252 1160 οὖν
430 1099 472 1178 τῷ
508 1097 702 1172 ξενίζοντι
742 1097 806 1174 τῆς
844 1097 984 1170 λέξεως
1023 1097 1208 1176 ἐξέπληξε
1247 1102 1331 1176 τοὺς

198 1199 429 1278 ’Δθιχναίονς
450 1196 735 1280 ὅνταςεῦφαεῖςκαλ
749 1199 933 1281 φιλολόγους·
957 1200 1103 1283 πρῶτος
1124 1201 1198 1285 χιλρ
1220 1201 1329 1286 ἐχρή·

203 1321 293 1362 σατο
324 1308 406 1375 τοῖς
436 1301 500 1375 τῆς
530 1300 674 1374 λέξεως
704 1306 999 1380 σχηματισμοῖς
1027 1307 1248 1385 περιττοτέρως
1278 1307 1331 1364 καὶ

203 1407 238 1492 τῇ
261 1409 434 1488 φιλοτεχνίᾳ
458 1402 671 1488 διαφέρουσιν,
703 1402 939 1477 ἀντιθέτοις
970 1407 1023 1464 καλ
1049 1403 1256 1479 ἰσοκώλοις
1278 1409 1331 1466 καὶ

203 1511 404 1591 παρίσοις
436 1510 488 1567 καλ
514 1503 821 1584 ὃμοιοτελεύτοις
851 1508 906 1565 καί
934 1523 1015 1566 τισιν
1044 1509 1155 1588 ἑτέροις
1177 1505 1331 1583 τοιούτοις,

203 1607 223 1670 ἃ
246 1607 311 1670 τότε
332 1612 388 1686 μὲν
409 1606 462 1669 διὰ
485 1607 518 1668 τὸ
541 1606 623 1678 ξένον
644 1607 695 1682 τῆς
717 1605 899 1682 κατασκευῆς
921 1603 1070 1686 ἀποδοχῆς
1092 1604 1208 1684 ἦξιοῦτο
1223 1643 1263 1651 -
1284 1627 1330 1684 ea,

205 1711 233 1774 si
253 1731 318 1773 non
339 1709 373 1771 in
395 1708 501 1772 subita
524 1711 556 1770 et
570 1707 703 1771 fortuita
725 1708 908 1771 coniectura
926 1706 992 1770 sive
1006 1707 1106 1790 ipsius
1119 1707 1185 1770 sive
1199 1707 1331 1785 Timaei,

205 1812 295 1876 cuius
319 1832 358 1874 ex
379 1809 472 1872 libris
494 1808 573 1872 haec
595 1809 693 1872 verba
715 1809 825 1892 aliqua
848 1829 887 1872 ex
905 1811 996 1891 parte
1013 1807 1145 1872 fluxisse
1158 1810 1332 1874 verisimile

206 1917 263 1991 est,
275 1912 301 1996 ²)
337 1911 459 1995 posita,
495 1914 528 1972 at
558 1913 667 1974 tamen
699 1911 733 1972 in
763 1911 866 1973 maius
897 1931 974 1974 vero
996 1910 1144 1974 videntur
1165 1911 1231 1974 lata
1254 1934 1332 1977 esse.

206 2014 269 2078 His
296 2014 381 2078 enim
407 2013 530 2076 verbis:
570 2007 670 2088 ,uiroc
692 2016 745 2073 καὶ
763 2018 865 2093 τέχνας
886 2013 1043 2096 ῥητορικὰς
1060 2015 1179 2098 πρῶτος
1196 2014 1329 2100 έξεῦρεν“

207 2117 386 2181 Diodorum
415 2113 497 2178 falsa
526 2113 692 2177 tradidisse
715 2113 858 2177 Blassius
882 2112 912 2197 (l
933 2136 964 2197 p.
989 2122 1039 2181 53.
1062 2115 1167 2179 adnot.
1190 2116 1224 2198 4)
1247 2119 1334 2179 recte

207 2219 294 2294 dicit,
319 2239 391 2280 cum
405 2219 479 2279 ante
498 2237 571 2278 eum
584 2214 743 2298 imprimis
764 2214 895 2280 Fossius
908 2216 1019 2298 paucis
1039 2216 1086 2298 (iu
1103 2221 1272 2280 comment.
1296 2218 1334 2280 de

207 2315 328 2402 Gorgia
350 2339 381 2400 p.
405 2317 460 2399 46)
472 2317 496 2398 ⁸)
529 2315 685 2398 explicet,
718 2337 774 2378 cur
804 2314 941 2399 Gorgias
976 2315 1155 2383 rhetoricae
1189 2318 1338 2383 inventor

207 2419 368 2482 interdum
391 2418 433 2481 sit
455 2416 644 2501 appellatus.
689 2415 771 2480 Item
794 2416 845 2480 his
867 2416 991 2480 Timaei
1013 2421 1045 2480 et
1058 2417 1194 2482 Diodori
1214 2419 1338 2482 verbis:

301 2605 322 2671 ¹)
340 2604 389 2658 cfr.
408 2603 503 2658 Foss.
523 2603 572 2671 qui
589 2603 607 2655 l.
626 2603 644 2656 l.
663 2621 689 2672 p.
708 2603 742 2656 24
756 2603 834 2656 hunc
859 2603 953 2658 locum
978 2603 1037 2673 ipse
1057 2621 1168 2672 quoque
1189 2597 1341 2659 denotavit¹

212 2707 239 2758 p.
258 2690 299 2755 24,
318 2691 347 2743 et
360 2688 406 2742 cui
423 2687 574 2742 videbatur
591 2687 673 2741 Plato
691 2687 735 2740 his
762 2687 854 2742 verbis
882 2687 1003 2756 Gorgiae
1030 2692 1196 2758 perpetuam
1214 2690 1338 2758 peregri·

213 2773 302 2827 nandi
333 2771 572 2833 consuetudinem,
604 2788 690 2838 quam
708 2773 773 2839 post
798 2771 942 2837 tenuisset,
973 2790 1038 2827 raro
1069 2773 1259 2828 intermissam
1278 2789 1337 2830 esse

214 2857 386 2927 significare;
405 2873 491 2924 quam
509 2855 629 2910 eandem
636 2855 786 2910 Platonem
804 2857 866 2910 tum
884 2856 914 2909 in
932 2856 1068 2912 Socrat.
1088 2859 1231 2928 apolog.
1249 2878 1276 2929 p.
1298 2859 1336 2914 19.

211 2943 242 2996 Ε.
261 2945 290 2997 et
312 2959 339 3011 p.
360 2941 402 2995 20.
420 2939 468 3005 Α.,
495 2943 556 2993 tum
584 2939 614 2992 in
642 2939 783 3010 Theage
808 2959 835 3010 p.
865 2941 921 2995 127.
951 2941 1007 2996 128.
1035 2941 1212 2998 denotavisse
1239 2943 1338 3000 eodem

211 3027 273 3082 loco
292 3025 369 3080 dicit.

296 3109 319 3177 ¹)
337 3109 384 3164 Eis
412 3109 488 3164 enim
516 3107 623 3162 similia
649 3111 715 3162 sunt
731 3108 842 3164 Timaei
859 3109 960 3175 verba,
985 3128 1058 3178 quaa
1077 3111 1153 3181 apud
1171 3111 1337 3182 Dionysium

212 3194 284 3262 (hys.
312 3195 339 3260 3)
357 3193 462 3262 scripta
481 3192 625 3246 videmur:
664 3194 769 3262 ,ἥψατο
797 3193 829 3246 δὲ
857 3195 903 3246 καὶ
929 3201 984 3247 τῶν
997 3190 1155 3266 Ἀθήνησιν
1181 3195 1339 3270 ῥητόρωνὴ

148 3307 153 3316 ·
213 3279 342 3346 ποιητική
360 3294 389 3329 τε
407 3277 453 3328 καλ
471 3274 590 3348 τροπικὴ
609 3282 724 3347 φράσις,
751 3277 795 3338 ὡς
820 3277 885 3346 μὲν
915 3282 1067 3348 Τίμαιός
1094 3299 1193 3348 φησι,
1219 3285 1339 3354 Γοργίου

213 3363 353 3434 ἄρξαντος,
371 3361 453 3429 ἡνίκα
468 3357 608 3429 Ἀθήναζε
631 3365 792 3433 πρεσβεύων
811 3363 994 3431 κατεπλήξατο
1013 3364 1076 3426 τοὺς
1093 3365 1244 3426 ἀκούοντας
1261 3365 1292 3418 ἓν
1308 3369 1340 3438 τῇ

213 3445 394 3518 δημηγορίᾳ.“
431 3445 490 3510 (cfr.
517 3445 628 3500 Blass.
656 3446 677 3513 I,
702 3465 728 3516 p.
747 3448 789 3501 47.
814 3447 910 3502 adnot.
932 3449 965 3512 1.)
983 3449 1048 3522 cfr.
1067 3449 1339 3520 Volquardsen,

212 3530 474 3668 Unterskdbargdige
493 3529 610 3595 Quellen
629 3530 678 3585 dar
695 3531 799 3599 griech.
818 3532 877 3586 und
895 3533 964 3588 sicil.
976 3523 1143 3590 Goschichte
1161 3535 1207 3610 bei
1225 3535 1338 3590 Diodor.

212 3636 240 3688 p.
258 3618 299 3671 el.
344 3616 383 3670 rer
403 3616 451 3668 16
471 3655 477 3668 .

299 3721 321 3785 ⁸)
339 3717 383 3770 his
401 3716 494 3770 verbis
516 3715 643 3782 ,Etenim
663 3735 726 3772 cum
743 3717 803 3787 ipse
818 3735 877 3774 sese
891 3719 1050 3789 appellaret
1069 3721 1172 3796 ῥήτορα
1193 3721 1340 3791 multaque

214 3821 288 3873 quac
303 3803 432 3857 valerent
450 3802 486 3854 ad
505 3802 664 3870 aagendam
685 3803 797 3857 dicendi
814 3804 872 3858 vim
892 3807 920 3858 et
938 3807 1109 3872 potestatem
1128 3805 1288 3873 invenisset,
1307 3824 1340 3864 eo

214 3887 328 3942 nomine
345 3902 414 3954 prae
432 3885 550 3952 Corace,
579 3887 669 3952 Tisia,
694 3887 865 3957 Empedocle
892 3887 994 3956 dignus
1019 3889 1135 3942 habitus
1158 3891 1214 3956 est,
1242 3907 1340 3958 quam-

215 3989 302 4041 quam
320 3970 408 4026 etiam
425 3970 469 4024 illi
486 3971 624 4026 nonnulla
642 3971 716 4026 circa
733 3973 905 4028 rhetoricam
923 3975 1079 4038 moverunt;
1102 3974 1151 4028 sed
1170 3973 1288 4044 Gorgias
1306 3975 1341 4028 iis

214 4055 320 4127 plura.“
341 4057 393 4110 etc.
