3158 4752
690 349 901 410 -5g..

238 549 316 591 esse.
360 525 471 592 Multis
502 530 609 591 autem
632 527 727 602 locis,
760 527 816 611 qui
838 526 933 592 iidem
955 528 1083 612 gnomis
1104 529 1170 593 sive
1192 531 1358 595 sententiis

241 628 391 693 uberibus
413 628 608 707 excitentur,
639 629 679 692 ab
711 627 749 692 iis
779 628 843 694 iam
873 629 948 694 talis
977 628 1029 694 ars
1058 625 1194 696 stratio
1216 633 1359 698 adhibita

238 737 296 810 est,
321 736 355 796 ut
377 733 473 797 etiam
496 731 570 797 illos
587 735 699 817 poetas
717 736 749 797 et
763 737 836 797 ante
851 754 905 797 eos
918 732 1095 798 Homerum
1112 734 1217 818 iprum
1230 757 1358 820 quoque

239 835 341 920 magis
359 834 492 899 scientia
513 857 610 918 quam
632 857 707 899 casu
735 836 873 919 quodam
895 835 934 898 ad
964 835 1026 900 ista
1053 835 1216 902 schemata
1236 837 1358 904 delatos

238 958 306 1002 esse
337 939 423 1000 reete
455 936 517 1002 dici
547 937 659 1021 possit.
703 937 793 1002 Haec
823 937 862 1002 de
892 937 1047 1002 industria
1078 939 1224 1022 quaesita
1245 943 1359 1025 poetae

239 1038 366 1123 quidem
397 1038 530 1124 elegiaci
561 1043 597 1104 ut
617 1037 718 1105 Solon
749 1043 781 1104 et
802 1039 966 1125 Theognis
988 1039 1122 1104 Homeri
1143 1045 1200 1105 aut
1227 1041 1358 1107 Hesiodi

237 1143 402 1228 ingenium
432 1143 533 1207 secuti
562 1142 732 1226 praecipue
763 1141 797 1205 in
826 1141 982 1227 gnomis
1013 1142 1098 1206 sive
1135 1144 1359 1209 sententiis

237 1245 383 1310 videntur
405 1244 596 1322 adhibuisse,
619 1244 833 1328 inquibus
864 1243 968 1310 hano
998 1243 1155 1310 dicendi
1186 1245 1359 1312 formam

239 1349 352 1432 quasi
374 1348 485 1412 nasci
508 1347 696 1431 coepisse
714 1350 780 1412 aut
797 1346 1096 1412 inveterarisre
1110 1348 1256 1432 equidem
1271 1353 1358 1433 puto.

323 1450 411 1528 Quae
433 1473 531 1536 quum
553 1451 599 1515 ita
620 1451 693 1530 sint,
717 1447 855 1535 Gorgiae
878 1450 911 1528 ii,
934 1450 1000 1533 qui·
1013 1471 1085 1514 eum
1107 1450 1247 1534 primum
1268 1451 1360 1516 sche-

237 1556 325 1618 mata
346 1553 538 1632 ἀντιθέσεις,
561 1553 765 1636 παρισώσεις,
796 1552 1021 1636 παρομοιώσεις
1043 1574 1212 1636 usurpasse
1234 1557 1290 1617 aut
1310 1554 1360 1618 iu·

239 1656 363 1721 venisse
385 1657 501 1734 dicant,
523 1655 658 1720 nimium
680 1654 820 1722 tribuere
844 1654 998 1720 videntur.
1036 1654 1156 1720 Atista
1169 1677 1242 1720 eum
1255 1656 1361 1739 ipsum

240 1779 367 1844 quoque
388 1759 502 1843 poetis,
525 1757 682 1842 imprimis
696 1756 839 1824 Homero
850 1757 884 1840 ι),
907 1756 1053 1822 debuisse
1066 1757 1271 1824 verisimilius
1292 1779 1360 1823 esse

239 1861 320 1926 mihi
336 1861 471 1926 videtur.
516 1859 634 1926 Nescio
657 1881 697 1924 an
720 1881 759 1924 ex
781 1858 838 1924 illo
861 1858 1053 1944 fragmento,
1077 1860 1163 1943 quod
1184 1861 1360 1945 servavit²)

240 1962 338 2028 schol.
354 1964 393 2028 ad
407 1963 501 2028 Hom.
514 1961 605 2030 Iliad.
619 1960 677 2041 IV,
691 1970 753 2030 450
764 1962 804 2045 ⁸):
830 1961 1042 2040 „decretorem
1058 1961 1093 2026 δὲ
1116 1968 1212 2038 λιταῖς
1233 1959 1361 2026 ducatui

239 2072 292 2130 καὶ
315 2066 458 2149 εὐχαῖς
480 2069 698 2146 οἰμωγαίῆ
721 2064 869 2150 intellegi
890 2065 1001 2148 possit,
1023 2086 1087 2149 quo
1109 2065 1204 2130 modo
1226 2063 1362 2150 Gorgias

240 2167 374 2234 Homeri
388 2168 565 2234 locutiones
579 2168 732 2252 quasdam
745 2167 946 2234 transtulerit
959 2168 993 2232 in
1004 2190 1078 2233 suos
1091 2189 1176 2232 usus.
1208 2166 1362 2253 Gorgiam

241 2272 368 2356 quidem
389 2271 489 2336 nimia
511 2270 635 2357 gloriae
657 2270 829 2354 cupiditate
851 2270 1016 2336 incensum
1029 2270 1217 2355 plerumque
1235 2271 1362 2354 poetica

239 2375 362 2438 dicendi
374 2374 498 2438 ratione
520 2395 613 2439 usum
635 2395 704 2440 esse
721 2375 805 2440 inter
818 2396 927 2440 omnes
941 2371 1121 2458 constat⁴);
1143 2374 1178 2437 in
1191 2373 1363 2438 Homerica

240 2479 347 2540 autem
369 2475 474 2538 studia
484 2476 509 2558 ⁵)
532 2495 606 2540 euru
628 2475 809 2540 incubuisse
830 2478 965 2559 apparet
985 2475 1038 2540 vel
1056 2497 1095 2541 ex
1112 2497 1161 2554 eo,
1175 2476 1260 2560 quod
1273 2497 1361 2540 more

239 2579 404 2644 rhetorum
440 2581 472 2642 et
507 2577 722 2662 sophistarum
762 2579 952 2662 argumenta
988 2577 1257 2644 declamationum
1295 2579 1362 2644 sive

241 2681 459 2746 laudationum
482 2703 521 2746 ex
544 2680 724 2748 Homericis
755 2679 948 2746 carminibus
976 2681 1199 2766 depromebat,
1224 2682 1257 2747 id
1278 2684 1363 2766 quod

239 2784 431 2849 Aristoteles
449 2784 547 2849 tradit
560 2788 619 2849 art.
634 2783 714 2848 rhet.
725 2781 783 2861 ΠΙ,
802 2790 851 2849 17.
884 2782 1053 2848 Praeterea
1071 2784 1185 2849 abillo
1204 2785 1360 2870 originem

239 2885 635 2952 deducerediounturillae
646 2885 727 2951 duae
738 2883 985 2950 declamationes
996 2886 1038 2970 ⁶):
1056 2886 1184 2966 ,Ἑλένης
1193 2885 1357 2969 ἐγκώμιον

327 3126 348 3193 1)
366 3125 488 3194 Longius
506 3125 685 3195 progreditur
703 3125 1020 3194 Sengebuschius‚
1039 3126 1088 3198 qui
1106 3125 1240 3195 Gorgiam
1259 3126 1360 3196 figura-

239 3231 301 3266 rum
311 3229 424 3265 suerum
434 3212 688 3280 magnampartem
704 3210 741 3264 ad
758 3210 845 3280 ipsius
861 3212 977 3268 Homeri
994 3211 1153 3282 exemplum
1172 3211 1359 3268 conformasse

239 3299 329 3367 putat.
366 3297 413 3351 cfr.
434 3295 541 3351 dissert.
560 3295 643 3366 prior.
661 3313 687 3365 p.
709 3295 764 3350 143.

326 3385 348 3447 ⁹)
365 3381 413 3436 cfr.
432 3380 601 3438 Fossium.
618 3401 645 3452 p.
665 3383 705 3438 78.
724 3386 754 3440 et
770 3383 1015 3453 Sengebusch.
1033 3403 1060 3454 p.
1081 3384 1137 3439 113.

323 3468 346 3536 ⁸)
363 3467 428 3523 vide
446 3485 558 3538 quoque
576 3486 603 3538 p.
621 3467 663 3522 43.
699 3467 779 3523 Iliad.
798 3469 845 3535 IV,
864 3487 890 3524 v.
907 3471 972 3526 450:
1080 3533 1084 3543 Ι

550 3555 673 3624 ,οἰμωγή
689 3570 719 3606 τι
737 3554 783 3606 καὶ
801 3554 909 3625 εὐχωλὴ
925 3556 1029 3611 allen*

325 3638 347 3706 ⁴)
364 3639 413 3693 cfr.
431 3637 573 3693 Aristotel.
601 3641 652 3693 art
677 3639 748 3694 rhet.
776 3640 824 3706 HL
842 3641 884 3694 e:
914 3646 1076 3707 ,ποιητικῶς
1098 3644 1153 3712 γὰρ
1170 3642 1265 3710 ἄγαν]
1295 3641 1359 3698 vide

240 3744 266 3794 r·
284 3724 318 3779 33
336 3741 396 3793 rso·

324 3809 347 3876 ⁵)
364 3808 413 3863 cfr.
431 3808 670 3879 Sengebusch.
688 3830 714 3882 p.
735 3811 783 3866 112
801 3828 862 3880 sqq.

320 3885 322 3890 ’
411 3889 555 3950 'honen
573 3913 600 3964 p.
618 3894 659 3951 86.
695 3895 787 3951 Εὀιι.
805 3895 891 3965 psas.
910 3896 950 3950 77.

325 3979 348 4044 ⁶)
365 3979 505 4034 Blaesio
524 3979 638 4049 quidem
656 3981 768 4036 videtur
785 3980 906 4049 Gorgiae
932 3980 1055 4052 genuina
1072 3983 1192 4050 utraque
1219 3999 1291 4048 esse,
1310 3982 1359 4052 qui

238 4065 325 4137 praef.
344 4063 460 4118 XXVIII
479 4064 521 4119 ed.
540 4065 655 4136 Antiph
674 4065 846 4122 haecdicit:
866 4083 937 4138 ‚quo
955 4066 1066 4139 saepius
1081 4066 1184 4136 relego,
1201 4084 1234 4122 eo
1252 4067 1358 4124 firmius

239 4152 269 4208 id
288 4148 362 4227 apud
380 4166 425 4203 me
442 4147 577 4208 iudicium
596 4150 676 4210 stat‘
