3158 4752
656 302 866 361 „73-

145 511 149 523 ·
201 484 305 567 poetis
336 483 464 566 petiisse
495 483 693 568 probabilius
722 487 779 546 est.
831 482 900 558 Qua
929 483 967 546 de
997 504 1091 546 causa
1124 481 1325 566 Thucydides

200 584 329 670 longius
351 584 552 669 Antiphonte
567 587 588 668 ¹)
612 589 707 668 atque
730 581 850 682 Gorgia
861 584 886 667 ²)
910 607 929 648 a
952 585 1112 648 communi
1135 606 1223 648 more
1252 607 1324 649 ver-

200 687 316 752 borum
339 692 371 751 et
393 687 567 752 formarum
581 687 723 752 discedit.
769 685 883 771 Neque
897 687 1001 751 minus
1015 687 1187 751 verisimile
1201 688 1326 752 videtur

200 788 348 867 Athenis,
371 792 496 856 etiamsi
517 793 712 876 tragicorum
734 789 831 853 dictio
855 794 963 853 secuta
985 790 1027 853 sit
1047 790 1188 853 Atticam
1207 790 1325 854 dialec-

201 893 271 954 tum
301 891 368 955 eius
397 894 520 970 aetatis,
552 916 616 977 qua
645 893 811 978 tragoedia
844 892 936 975 quasi
969 891 1073 956 lucem
1106 892 1292 976 aspiciebat,
1300 891 1339 976 ³)'

201 993 319 1058 multas
343 994 461 1059 formas
484 1001 516 1060 et
537 996 693 1062 vocabula
705 999 838 1079 propter
851 1017 888 1058 ea
902 996 1113 1078 potissimum,
1138 997 1222 1079 quod
1241 997 1325 1079 apud

153 1091 154 1095 ’
200 1100 312 1179 poetas
335 1099 475 1180 tragicos
497 1100 608 1164 crebra
630 1103 662 1164 et
691 1099 808 1163 usitata
832 1103 931 1176 erant,
961 1120 980 1161 a
1002 1097 1163 1181 plerisque
1186 1096 1325 1161 homini·

200 1199 261 1262 bus
290 1198 477 1279 illustribus,
508 1201 702 1286 aequalibus
724 1199 934 1282 Antiphontis
957 1203 990 1263 et
1018 1199 1221 1284 Thucydidis,
1252 1221 1325 1264 cum

202 1321 300 1384 super
321 1301 454 1387 vulgare
476 1303 599 1368 dicendi
621 1325 722 1390 genus
744 1301 916 1366 dictionem
938 1323 1028 1366 suam
1051 1302 1164 1366 efferre
1178 1323 1243 1366 nou
1257 1305 1324 1366 stu-

199 1403 319 1482 derent,
344 1404 410 1469 sive
432 1405 466 1468 in
479 1406 677 1471 sermonibus
700 1405 913 1470 familiaribus
927 1404 994 1468 sive
1008 1404 1042 1467 in
1055 1403 1324 1488 disputationibus

202 1527 278 1569 casu
301 1508 438 1590 quodam
460 1508 563 1593 magis
585 1531 681 1592 quarn
703 1508 836 1573 scientia
858 1509 1010 1590 usurpata
1038 1528 1115 1570 esse.
1161 1503 1223 1570 Sed
1245 1506 1324 1571 haec

199 1608 363 1673 hactenus.

284 1710 393 1794 Atque
411 1714 447 1774 ut
476 1713 539 1776 iam
563 1734 600 1776 ea
626 1713 948 1796 comprehendamus,
979 1735 1061 1798 quae
1084 1713 1323 1797 explicavimus,

200 1813 368 1898 probabile
411 1815 502 1879 nobis
543 1816 668 1880 videtur
704 1815 939 1900 Thucydidem,
984 1815 1060 1879 licet
1104 1837 1205 1900 genus
1245 1817 1323 1880 scri-

199 1916 296 1980 bendi
318 1921 482 2002 tamquam
508 1941 547 1982 ex
577 1918 677 2002 ipsius
700 1919 864 2001 scriptoris
895 1918 1025 2004 ingenio
1048 1922 1250 2000 procreatum
1274 1918 1324 1981 vel

200 2023 348 2082 exortum
371 2021 421 2098 sit,
444 2024 553 2084 tamen
575 2042 676 2104 pauca
690 2042 729 2084 ex
742 2021 951 2105 Antiphontis
963 2021 1199 2098 consuetudine,
1223 2020 1324 2084 multa

199 2142 274 2185 cum
293 2144 331 2185 ex
346 2127 513 2205 poetarum
535 2123 647 2187 studiis
661 2127 729 2186 tum
746 2145 784 2187 ex
798 2123 979 2188 Homericis
1001 2123 1171 2206 accepisse,
1195 2127 1228 2187 at
1243 2122 1324 2186 nihil

201 2222 342 2308 Gorgiae
364 2228 530 2310 acceptum
550 2225 722 2290 rettulisse.

286 2446 307 2508 ll
325 2446 373 2502 cfr.
392 2447 529 2501 Blassium
549 2446 569 2510 I,
588 2465 614 2515 p.
636 2445 686 2500 113Ι
702 2464 761 2514 sqq.
785 2447 835 2500 205
854 2465 913 2514 sqq.
1338 2515 1341 2522 Ι

285 2531 307 2596 ²)
325 2533 372 2586 cfr.
401 2533 487 2587 Blass.
506 2534 526 2599 Ι,
545 2551 572 2602 p·
590 2532 706 2595 58-60;
725 2532 775 2586 206
794 2549 853 2599 sqq.
876 2560 909 2568 -
927 2532 1018 2587 Ambo
1036 2533 1162 2602 (Antiph.
1182 2535 1211 2586 et
1229 2531 1323 2601 Gorg.)
1375 2559 1377 2565 ·

198 2617 348 2688 praecipue
366 2622 426 2684 σύν,
443 2637 500 2674 non
517 2619 579 2683 ξύν;
598 2617 699 2672 deinde
718 2635 827 2686 semper
845 2619 890 2680 εἰς,
909 2635 964 2672 non
983 2616 1009 2678 ἐς
1028 2618 1159 2672 videntur
1173 2617 1321 2686 scripsisse.

285 2703 306 2768 Β)
324 2703 371 2756 cfr.
390 2704 567 2759 Rutherford.
586 2703 638 2757 Zur
657 2703 823 2756 Geschichte
842 2703 889 2757 des
910 2703 1082 2756 Atticismua.
1101 2723 1127 2773 p.
1146 2703 1204 2756 360.
