3158 4752
712 312 923 376 ...13-

254 489 660 554 Pseudo-Plutarchus
675 489 698 572 1)
726 492 871 568 testetur,
894 489 1071 554 liberalitas
1094 491 1228 554 attribui
1250 494 1380 574 potest?

254 590 326 655 Sint
347 613 423 654 sane
445 591 525 654 haec
547 613 633 669 vera,
656 613 738 675 quae
757 591 1109 656 aPseudo·Plutarcho
1125 593 1164 656 de
1177 593 1381 656 damnatione

253 694 321 758 eius
345 697 377 758 et
399 694 601 758 accusatione
624 692 708 756 dicta
730 697 815 756 sunt.
860 691 953 758 Certe
976 694 1036 758 etsi
1058 693 1227 776 Antiphon
1248 693 1283 756 in
1305 717 1381 777 pro-

252 795 383 858 ditionis
405 794 525 858 crimen
542 799 676 860 vocatus
690 795 867 879 capitisque
882 797 1051 860 damnatus
1073 799 1131 872 est,
1150 817 1215 860 non
1226 795 1381 860 habemus

253 898 339 980 quod
359 896 450 959 illam
471 897 632 979 virtutem,
654 896 892 976 liberalitatem,
915 919 998 981 quae
1021 896 1239 979 aThucydide
1261 897 1291 960 ei
1313 896 1381 960 sine

252 998 349 1062 dubio
372 998 579 1076 adiudicatur‚
611 1002 704 1062 etex
726 987 791 1062 iilis
816 999 929 1076 verbis,
961 1020 1044 1082 quae
1073 1019 1169 1080 snpra
1191 997 1380 1080 significavi,

254 1100 367 1176 elucet,
392 1100 433 1162 ab
447 1121 486 1164 eo
508 1099 733 1164 abiudicemus.
778 1100 869 1164 Adde
884 1101 1067 1183 quodnum
1081 1100 1248 1183 Antiphon
1265 1100 1380 1164 merito
1472 1139 1479 1150 ·

252 1201 326 1266 illas
347 1219 467 1284 poenas
489 1201 595 1278 luerit,
619 1206 651 1264 et
673 1205 794 1284 quauta
816 1201 910 1285 culpa
936 1202 971 1266 in
993 1201 1157 1278 eciderit,
1178 1202 1310 1266 dubium
1332 1203 1380 1266 vi-

254 1305 357 1379 detur,
381 1303 540 1385 siquidem
563 1325 645 1380 eum,
669 1325 742 1366 cum
764 1303 896 1386 plurimi
918 1325 957 1368 ex
980 1303 1030 1381 iis,
1053 1304 1108 1386 qui
1131 1324 1203 1368 cum
1222 1304 1381 1368 Lacedae·

251 1407 367 1470 moniis
390 1407 428 1470 de
442 1426 521 1486 pace
536 1408 678 1488 egerant,
700 1405 872 1468 Deceleam
887 1404 1097 1488 aufugissent,
1122 1405 1236 1488 etipse
1253 1427 1380 1490 quoque

251 1508 365 1592 fugare
387 1509 505 1589 posset,
528 1505 562 1568 in
584 1505 664 1570 urbe
685 1507 875 1570 remansisse
888 1507 973 1570 inter
987 1527 1097 1570 omnes
1111 1510 1246 1570 constat.
1274 1505 1380 1587 vNum

252 1609 389 1674 confisus
411 1607 566 1671 facultate
597 1607 721 1670 dicendi
744 1606 881 1671 Athenis
912 1607 1087 1670 remansit?
1133 1605 1167 1670 Si
1188 1608 1380 1690 proditionis

227 1695 231 1706 ⁴
252 1711 314 1774 sibi
329 1709 475 1774 conscius
489 1709 612 1786 fuisset,
637 1709 751 1791 opinor
765 1709 871 1791 ipsum
885 1731 1024 1791 quoque,
1043 1730 1115 1772 cum
1127 1731 1191 1772 non
1205 1709 1380 1793 ignoraret,

253 1813 338 1896 qnod
359 1810 538 1895 periculum
560 1810 622 1874 sibi
645 1809 835 1886 immineret,
870 1833 889 1873 a
911 1832 1015 1894 poena
1038 1831 1071 1874 se
1094 1810 1172 1894 fuga
1196 1814 1380 1892 erepturum

252 1915 361 1978 faisse.

339 2015 540 2098 Thucydides
583 2016 711 2098 quidem
752 2015 791 2078 iis
835 2015 965 2096 incisi),
1007 2014 1123 2096 quibus
1169 2012 1380 2095 Antiphontis

251 2119 447 2183 mentionem
470 2117 558 2193 facit,
581 2139 685 2200 neque
707 2117 797 2180 illam
816 2116 1052 2180 accusationem
1074 2119 1130 2178 aut
1143 2115 1380 2178 damnationem

250 2241 353 2303 neque
376 2219 560 2302 quidquam,
585 2240 625 2282 ex
647 2239 711 2301 quo
735 2218 945 2301 Antiphontis
975 2217 1189 2300 proditionem
1221 2216 1379 2298 interpre-

248 2322 311 2388 tari
345 2321 520 2404 possimus,
560 2325 808 2396 commemorat3
839 2342 879 2383 ne
911 2317 970 2384 illo
1005 2319 1076 2384 loco
1109 2320 1236 2402 quidem
1274 2316 1378 2402 (VIII,

252 2432 303 2500 91,
327 2425 372 2506 3),
396 2422 450 2486 ubi
473 2421 609 2502 scriptor
632 2422 669 2486 de
698 2422 902 2498 criminibus,
926 2442 1008 2504 quae
1031 2420 1246 2486 Theramenes
1268 2421 1302 2484 in
1324 2421 1379 2484 ad-

248 2525 407 2588 versarios
428 2543 502 2586 suos
525 2523 659 2600 confert,
683 2523 763 2586 haec
785 2523 946 2606 loquitur:
985 2519 1044 2599 ,ἢν
1067 2522 1085 2584 d
1093 2529 1110 2584 ε’
1130 2548 1167 2583 τι
1197 2527 1266 2584 καὶ
1299 2547 1377 2582 τοι·

250 2629 363 2688 otton
384 2626 447 2688 dut
470 2625 542 2686 τῶν
564 2627 615 2700 τὴν
638 2631 887 2708 κατηγορίαν
909 2625 1097 2706 ἐχόντων,
1127 2629 1192 2685 καὶ
1215 2623 1255 2684 οὗ
1279 2623 1379 2684 πάνυ

250 2729 424 2810 διαβολὴ
455 2728 571 2806 μόνον
600 2726 790 2803 τοῦλόγου.
826 2731 931 2788 ἐκεῖνοι
960 2727 1018 2809 γὰρ
1048 2725 1181 2804 μάλιστα
1207 2729 1264 2802 μὲν
1295 2723 1377 2803 ἐβού-

250 2837 332 2894 λοντο
368 2830 612 2912 dispunctorem
648 2825 751 2909 ἄρχειν
787 2832 841 2888 καὶ
876 2828 937 2888 τῶν
968 2827 1133 2907 ξυμμάχων
1160 2861 1198 2872 -
1223 2863 1260 2870 -
1287 2859 1326 2869 -
1351 2826 1381 2886 εἰ

250 2941 328 3007 τοῖς
354 2956 393 3010 γε
425 2932 587 3009 σώμασι
617 2931 728 3009 σφῶν
757 2927 881 2990 ἄδεια
906 2930 1042 2990 trram
1091 2925 1177 2990 Nam
1199 2927 1249 2990 his
1273 2926 1378 2991 verbis

249 3034 357 3098 nescio
380 3055 421 3096 an
443 3032 581 3115 scriptor
602 3030 832 3115 significaverit
849 3028 983 3092 consilia
1001 3029 1121 3111 perfida
1134 3033 1259 3094 tantum
1271 3028 1377 3112 Phry-

337 3223 356 3286 ¹)
375 3220 468 3274 Verba
483 3222 512 3274 et
530 3220 643 3273 senatus
662 3216 769 3271 decreti
787 3217 941 3284 (ψήφισμα)
960 3219 988 3270 et
1006 3216 1104 3270 iudicii
1121 3214 1285 3282 (καταδίκη),
1304 3233 1377 3284 quae

250 3307 325 3376 apud
343 3297 650 3362 Pseudo-Plutarchum
674 3303 780 3372 scripta
798 3301 941 3366 videmus,
969 3297 1012 3356 ex'
1028 3299 1149 3356 Caecilio
1174 3301 1277 3356 hausta
1304 3303 1377 3354 sunt.

250 3389 405 3444 Caecilium
441 3392 536 3444 autem
562 3385 725 3458 psephisma
754 3404 769 3440 e
795 3385 903 3440 Creten
935 3388 1084 3458 συναγωγῇ
1116 3391 1305 3454 ψηφισμάτων
1330 3384 1377 3440 de·

251 3473 401 3543 sumpsisse
419 3473 543 3527 Blassius
560 3471 710 3542 perspexit.
754 3472 801 3526 cfr.
827 3471 929 3525 Blassii
947 3470 1043 3524 adnot.
1061 3471 1116 3536 (ed.
1141 3471 1258 3540 Antiph.
1289 3469 1376 3540 praef.

250 3575 277 3628 p.
296 3555 444 3611 XXXVIII
468 3557 484 3624 ἓ
501 3558 545 3623 22)
564 3561 593 3612 et
620 3555 744 3611 eiusdem
763 3555 826 3610 libr.
851 3555 908 3624 (die
928 3555 1026 3610 Gesch.
1046 3555 1095 3609 der
1114 3557 1166 3609 att.
1185 3553 1296 3609 Bereds.
1322 3571 1377 3608 von

251 3641 334 3711 Gorg.
353 3643 397 3696 bis
415 3643 456 3709 Ιι.)
475 3661 502 3710 p.
521 3641 553 3696 87
572 3661 632 3710 sqq.

335 3727 359 3794 ²)
376 3731 488 3796 praeter
507 3727 581 3781 hunc
599 3727 692 3780 locum
708 3725 782 3792 VIII,
801 3725 843 3781 68.
862 3723 923 3793 (ubi
941 3723 1055 3793 quidem
1074 3727 1201 3780 extrema
1212 3723 1378 3778 haecverba

250 3814 330 3867 sunt:
352 3811 603 3877 „attandaicdrc
622 3811 894 3880 ξογκατὲστησο,
909 3814 1069 3860 θανάτου
1089 3805 1374 3876 δίκηνάπολογηο.”

251 3897 286 3952 de
304 3895 408 3964 quibus
424 3897 481 3952 vid
498 3898 584 3966 paulo
601 3900 683 3966 post),
702 3897 806 3950 iterum
824 3893 1009 3963 Antiphontis
1026 3893 1200 3948 mentionem
1219 3892 1289 3946 facit
1302 3893 1377 3955 VIII,

250 3985 292 4039 90.
313 3985 335 4036 1.
353 3983 377 4036 2.
396 3998 452 4052 qno
469 3981 531 4037 Ioco
556 3981 607 4037 Th.
634 3985 737 4058 narrat¹
757 3978 788 4032 id
813 3997 916 4033 unum:
943 3978 1149 4047 Antiphontem
1173 3977 1301 4046 legatum
1319 3994 1377 4032 una

250 4085 314 4122 cum
332 4067 494 4136 Phrynicho
513 4069 542 4120 et
560 4065 657 4120 decem
675 4056 1002 4119 viris'Laoedaemonem
1020 4061 1137 4118 missum
1154 4079 1221 4118 esse.
