3158 4752
715 365 926 426 ..66-

258 539 316 607 IX.
339 563 369 606 v.
392 549 443 608 47.
474 564 504 607 ν.
528 549 580 610 71.
607 563 636 606 v.
661 550 731 612 115.
762 567 792 609 v.
816 550 888 614 329.
924 543 1080 640 κατέθηκα
1106 549 1300 634 κατακρύψας
1320 545 1380 612 bct

410 646 522 732 κάπρῳ.
556 668 587 709 v.
609 653 789 717 405-408.
811 670 842 712 v.
865 655 937 716 415.
984 648 1104 713 ὠδίνων
1126 650 1305 738 ὄδάνησιν.
1349 674 1379 716 v.

409 755 482 817 460.
505 746 621 811 οάδεϊ
643 799 650 813 .
674 799 682 813 .
707 747 898 827 οὐτιδανὸς
920 746 1053 828 Οὖτις.
1100 779 1130 847 Ι·

137 823 140 830 ¹
256 853 297 919 X.
318 877 348 918 v.
372 860 423 923 82.
445 876 475 918 v.
500 859 570 920 242.
593 853 726 934 βάλανόν
747 878 778 916 τε
800 854 903 936 βάλεν.

256 955 312 1022 XI.
335 979 365 1020 v.
389 965 439 1026 61.
463 951 597 1035 άσέμε
620 1006 628 1020 .
652 1006 660 1021 .
683 945 793 1019 αἶσα.

256 1058 329 1125 ΧΠ.
360 1081 390 1125 v,
414 1067 465 1126 77.
496 1059 655 1140 άμβαέη
687 1108 694 1122 .
722 1108 730 1123 .
759 1058 823 1122 οὔδ’
857 1063 1041 1142 ἐπιβαίη.
1085 1081 1115 1126 v.
1141 1069 1210 1130 104.
1254 1084 1283 1126 v.
1308 1069 1379 1131 235.

406 1160 926 1248 Χάροβδις..άνερροι’βδησε.
948 1169 1061 1231 v.435.
1083 1165 1197 1250 ῥίζαι
1221 1213 1228 1228 .
1252 1214 1260 1228 .
1282 1163 1378 1242 ἀ’ζοι.

256 1263 345 1330 XIII.
368 1286 397 1332 v.
419 1271 490 1333 370.
535 1263 623 1328 XIV.
654 1285 684 1328 v.
719 1270 789 1331 124.
823 1270 895 1331 125.
922 1263 988 1326 ἀλλ’
1019 1263 1118 1342 άλλως
1147 1315 1154 1330 .
1179 1315 1186 1330 .
1208 1267 1316 1346 ἀλῆται
1340 1317 1378 1332 ..

408 1367 534 1446 ἀληθέα.
578 1389 608 1431 v.
639 1374 711 1435 464.
735 1375 807 1435 466.
839 1372 943 1450 ἐφέηκε
971 1417 978 1431 .
1003 1417 1010 1430 .
1033 1369 1141 1448 ἀνῆκεν
1163 1419 1171 1433 .
1195 1418 1203 1433 .
1226 1378 1378 1456 προέηκεν.

255 1469 328 1536 XV.
353 1479 423 1539 157.
448 1479 518 1540 158.
541 1472 633 1553 κιχὼν
656 1519 663 1533 .
688 1519 695 1533 .
719 1471 822 1553 τυχών.
866 1491 895 1534 v.
920 1476 992 1538 266.
1015 1474 1146 1558 τοιγὰρ
1169 1522 1176 1536 .
1199 1523 1207 1537 .
1231 1499 1303 1538 τοι.

255 1572 360 1639 XVII.
391 1597 420 1639 v.
455 1581 503 1641 13.
534 1572 741 1655 ἀνέχεσθαι
777 1575 912 1656 ἔχοντα.
961 1596 990 1638 v.
1024 1581 1094 1640 217.
1134 1597 1164 1638 v.
1197 1583 1268 1646 240.
1306 1583 1378 1644 242.

408 1667 572 1746 κρηναῖαι
596 1707 603 1722 .
628 1707 635 1722 .
659 1659 839 1742 κρηήνατε.

255 1761 376 1828 XVIH.
398 1785 427 1827 V.
453 1769 502 1830 73.
522 1757 596 1845 Ἶρος
612 1759 718 1846 ’Ἆιρος

256 1865 343 1931 XIX.
366 1890 396 1932 v.
421 1873 598 1935 204-207.
623 1866 752 1941 τήκετο
775 1915 782 1929 .
808 1915 815 1930 .
846 1869 1045 1944 κατατήκετ’
1069 1917 1077 1932 .
1102 1915 1109 1929 .
1135 1867 1346 1946 κατέτηξεν.
1370 1916 1378 1930 .

408 1976 591 2050 τηκομένης
613 2019 621 2033 .
645 2019 652 2034 .
674 1969 813 2046 τήκετο.
857 1991 886 2033 v.
910 1977 982 2037 404.
1009 1992 1038 2034 V.
1062 1977 1135 2038 405.
1157 1991 1186 2033 v.
1210 1976 1282 2038 407.
1305 1977 1377 2038 409.

407 2073 609 2151 ὀδυσσάμενος
619 2121 626 2134 .
637 2071 801 2148 ,Ὀδυσεὺς
812 2094 841 2135 v.
853 2079 924 2140 547.
935 2071 1007 2158 άναρ
1018 2121 1025 2135 .
1036 2123 1043 2136 .
1054 2072 1145 2158 liudp.
1155 2094 1185 2136 v.
1198 2079 1377 2141 563-567.

408 2176 571 2261 κεράεσσι
605 2174 793 2260 ἀκράαντα
825 2224 832 2238 .
865 2225 873 2240 .
906 2176 1058 2261 κεράων
1092 2225 1099 2240 .
1132 2224 1140 2238 .
1172 2181 1376 2262 κραίνονσι;

407 2284 607 2361 ἐλέφαντι
637 2277 837 2361 ἐλέφαντος
859 2329 867 2344 .
892 2289 899 2342 ζ
922 2285 1190 2365 ἐλεφαίρονται.

253 2377 375 2445 XXIII.
397 2405 427 2447 v.
451 2389 502 2450 97.
524 2383 618 2467 μῆτερ
637 2430 645 2444 .
669 2429 677 2444 .
700 2380 859 2467 δύσμητερ.

253 2481 373 2549 XXIV.
396 2507 424 2549 v.
447 2491 519 2552 465.
561 2483 720 2547 Ἐοπείθει
742 2489 898 2548 πείθοντο.
937 2508 967 2549 v.
991 2493 1062 2553 515.
1085 2487 1148 2562 οἷός
1168 2487 1317 2562 θ’ν1ωνός.

337 2722 382 2788 Hi
409 2726 482 2788 sunt
504 2722 537 2786 in
563 2721 743 2788 Homericis
772 2722 965 2787 carminibus
986 2723 1010 2787 ii
1034 2723 1106 2804 loci,
1127 2746 1166 2788 ex
1187 2725 1303 2809 quibus
1320 2723 1378 2790 illa

253 2827 424 2905 schemata,
440 2847 521 2911 quae
535 2823 675 2912 Gorgies
696 2829 862 2905 vocantur,
884 2825 1009 2890 elucere
1023 2827 1199 2892 videantur.
1235 2827 1288 2892 Me
1302 2849 1377 2892 sane

253 2929 467 3014 inquirentem
497 2928 645 2994 nonnulli
671 2929 859 3015 effugerint,
891 2933 976 2994 certe
1007 2929 1059 2994 vel
1090 2951 1129 2994 ex
1159 2930 1200 2994 iis
1230 2929 1378 3015 intellegi

253 3035 361 3118 potest
373 3033 437 3098 iam
447 3032 624 3097 Homerum
637 3031 694 3095 illa
709 3036 896 3096 ornamenta
911 3031 1066 3097 orationis
1078 3031 1259 3097 adhibuisse
1276 3054 1376 3117 eaque

254 3157 348 3220 saepe
371 3136 408 3200 de
431 3135 588 3200 industria
611 3134 764 3219 quaesita.
810 3133 897 3210 Quae
924 3133 1033 3199 Iliadis
1056 3138 1161 3218 poeta,
1178 3139 1215 3199 ut
1235 3136 1376 3199 narratio

253 3239 419 3303 decoretur
441 3242 474 3302 et
496 3241 668 3302 exornetur
689 3241 786 3321 atque
809 3237 963 3301 orationis
982 3237 1029 3301 vis
1046 3241 1211 3323 augeatur,
1235 3238 1376 3302 crebrius

253 3363 349 3427 quam
379 3339 537 3424 Odysseae
567 3343 664 3424 poeta
696 3339 822 3403 videtur
855 3360 1028 3424 usurpare,
1060 3340 1180 3425 quippe
1211 3341 1266 3425 qui
1296 3341 1375 3404 inci·

252 3443 386 3526 tatior²)
421 3441 543 3506 feratur
573 3445 607 3505 et
636 3442 674 3506 de
703 3440 829 3505 bellicis
859 3440 954 3505 rebus
988 3445 1081 3505 canat
1112 3442 1249 3526 quodam
1281 3443 1375 3507 modo

252 3545 414 3611 bellicum.
464 3541 565 3628 Saepe
596 3547 704 3608 autem
734 3544 767 3607 in
798 3543 1001 3608 contionibus
1031 3546 1064 3607 et
1093 3545 1308 3625 sermonibus,
1342 3545 1376 3609 in

254 3645 516 3714 similitudinibus
546 3649 578 3709 et
608 3645 735 3731 gnomis
762 3646 829 3710 sive
852 3645 1017 3711 sententiis
1038 3647 1206 3732 utriusque
1228 3647 1375 3712 carminis

253 3751 328 3816 illae
350 3749 472 3836 figurae
495 3748 715 3827 inveniuntur;
739 3769 874 3833 quarum
891 3770 974 3813 usus·
990 3749 1200 3816 creberrimus
1223 3755 1271 3815 est
1293 3751 1375 3815 etin

254 3875 292 3918 ea
313 3854 457 3919 oratione
487 3851 678 3938 praecipuae
708 3852 797 3932 artis,
820 3872 916 3935 quam
939 3855 1035 3936 poeta
1057 3851 1217 3918 Achillam
1242 3851 1294 3939 (ll.
1317 3849 1375 3933 ΙΧ,

341 4097 362 4164 ¹)
379 4093 470 4159 Quam
488 4091 676 4148 differentiam
701 4091 759 4145 iarn
777 4091 942 4147 Aristoteles
970 4091 1057 4146 sensit
1074 4092 1184 4164 (poetic.
1203 4093 1246 4148 24.
1263 4094 1314 4163 2ης
1340 4089 1401 4164 ,,ἡ“
1489 4121 1496 4136 .

253 4179 306 4249 μὲν
319 4175 405 4239 Ἰλιὰς
422 4177 527 4233 ἁπλοῦν
544 4176 589 4229 καὶ
605 4181 823 4244 παθητικόν,
842 4177 860 4246 ἡ
877 4175 909 4228 δέ
923 4173 1073 4229 ’θδδοοεια
1090 4178 1303 4254 τιεπλεγμένον.“
